@article{Harel2001,
    title = {{From Play-In Scenarios to Code : An Achievable Dream A development scheme for complex reactive systems leads from a user-}},
    year = {2001},
    author = {Harel, David},
    number = {January},
    pages = {53--60}
}

@article{Harel1997,
    title = {{Executable object modeling with statecharts}},
    year = {1997},
    journal = {Computer},
    author = {Harel, David and Gery, E.},
    number = {7},
    pages = {31--42},
    volume = {30},
    url = {http://ieeexplore.ieee.org/xpls/abs{\_}all.jsp?arnumber=596624{\textbackslash}nhttp://ieeexplore.ieee.org/lpdocs/epic03/wrapper.htm?arnumber=596624},
    isbn = {0-8186-7247-1},
    doi = {10.1109/2.596624},
    issn = {00189162}
}

@article{Harel2012,
    title = {{Behavioral programming}},
    year = {2012},
    journal = {Communications of the ACM},
    author = {Harel, David and Marron, Assaf and Weiss, Gera},
    number = {7},
    pages = {90},
    volume = {55},
    doi = {10.1145/2209249.2209270},
    issn = {00010782}
}

@article{Gordon2012,
    title = {{Spaghetti for the Main Course ? Observations on the Naturalness of Scenario-Based Programming Categories and Subject Descriptors}},
    year = {2012},
    journal = {ITiCSE'12},
    author = {Gordon, Michal},
    number = {c},
    pages = {198--203},
    isbn = {9781450312462},
    doi = {10.1145/2325296.2325346},
    issn = {1942647X},
    keywords = {aspect-oriented programming, behavioral program-, bpj, habits, live, lsc, ming, natural programming, rule based systems, scenario-based programming, scratch, sequence charts}
}

@article{Harel2010,
    title = {{LNCS 6183 - Programming Coordinated Behavior in Java}},
    year = {2010},
    author = {Harel, David and Marron, Assaf and Weiss, Gera}
}

@article{Harela,
    title = {{Behavioral programming, decentralized control, and multiple time scales}},
    year = {2011},
    journal = {Proceedings of the compilation of the co-located workshops on DSM'11, TMC'11, AGERE!'11, AOOPES'11, NEAT'11, {\&} VMIL'11 - SPLASH '11 Workshops},
    author = {Harel, David and Marron, Assaf and Wiener, Guy and Weiss, Gera},
    pages = {171},
    url = {http://dl.acm.org/citation.cfm?doid=2095050.2095079},
    isbn = {9781450311830},
    doi = {10.1145/2095050.2095079},
    keywords = {behavioral programming, bpj, decentralized control, erlang, java, lsc, multiple times scales}
}

@article{Damm2001,
    title = {{LSCs: Breathing life into message sequence charts}},
    year = {2001},
    journal = {Formal Methods in System Design},
    author = {Damm, Werner and Harel, David},
    number = {1},
    pages = {45--80},
    volume = {19},
    isbn = {0925-9856},
    doi = {10.1023/A:1011227529550},
    issn = {09259856},
    keywords = {Formal specification, Sequence charts, UML}
}

@inproceedings{Harel,
    title = {{Playgo: Towards A Comprehensive Tool For Scenario Based Programming}},
    year = {2010},
    booktitle = {kbse},
    author = {Harel, David and Maoz, Shahar and Szekely, Smadar and Barkan, Daniel},
    pages = {359--360},
    isbn = {9781450301169},
    doi = {10.1007/s10270-010-0151-2},
    keywords = {D17 [Programming Techniques], Design Tools and Tech-niques, IDE, Languages Keywords Live sequence charts, Visual Pro-gramming General Terms Design, reactive systems, scenario-based programming}
}

@article{Harel2008,
    title = {{Can programming be liberated, period?}},
    year = {2008},
    journal = {Computer},
    author = {Harel, David},
    pages = {28--37},
    volume = {41},
    doi = {10.1109/MC.2008.10},
    issn = {00189162},
    keywords = {a compiler is but, a means to, and executable by the, and operational instructions to, down the generation ladder, ing high-level programs readable, it to do, puter what we want, render-, tell the com-, translate in reverse}
}

@article{Harel1992,
    title = {{Application graphics modeling support through object orientation}},
    year = {1992},
    journal = {Computer},
    author = {Egbert, P K and Kubitz, W J},
    number = {10},
    pages = {84--91},
    volume = {25},
    url = {http://ieeexplore.ieee.org/lpdocs/epic03/wrapper.htm?arnumber=108047{\textbackslash}npapers3://publication/doi/10.1109/2.108047},
    isbn = {0018-9162},
    doi = {10.1109/2.161283},
    issn = {0018-9162},
    keywords = {object-oriented programming, rendering (computer gr}
}

@book{FenniAgustina2006,
    title = {{The Unified Modeling Language (UML)}},
    year = {2006},
    booktitle = {Design Methods for Reactive Systems},
    author = {{Fenni Agustina}},
    pages = {33--51},
    url = {http://www.sciencedirect.com/science/article/pii/B9781558607552500307},
    isbn = {9780126853520},
    doi = {10.1016/B978-012685352-0/50003-3},
    issn = {15710661}
}

@book{Wieringa2010,
    title = {{Design science methodology}},
    year = {2010},
    booktitle = {Proceedings of the 32nd ACM/IEEE International Conference on Software Engineering - ICSE '10},
    author = {Wieringa, Roel},
    pages = {493},
    volume = {2},
    url = {http://portal.acm.org/citation.cfm?doid=1810295.1810446},
    isbn = {9781605587196},
    doi = {10.1145/1810295.1810446},
    issn = {0270-5257},
    keywords = {Design Science}
}

@article{Harel1987,
    title = {{Statecharts: a visual formalism for complex systems}},
    year = {1987},
    journal = {Science of Computer Programming},
    author = {Harel, David},
    number = {3},
    pages = {231--274},
    volume = {8},
    isbn = {0167-6423},
    doi = {10.1016/0167-6423(87)90035-9},
    issn = {01676423},
    pmid = {9299037}
}

@article{Harel2003,
    title = {{Come, Let's Play - Scenario-Based Programming Using LSCs and the Play-Engine}},
    year = {2003},
    author = {Harel, David and Marelly, Rami},
    pages = {376},
    isbn = {3540007873 (alk. paper)},
    pmid = {13123622}
}

@article{Demarco1978,
    title = {{Structured Analysis for Requirements Definition}},
    year = {1977},
    journal = {IEEE Transactions on Software Engineering},
    author = {Ross, D.T. and Schoman, K.E., Jr.},
    number = {1},
    pages = {6--15},
    volume = {SE-3},
    isbn = {0098-5589 VO  - SE-3},
    doi = {10.1109/TSE.1977.229899},
    issn = {0098-5589},
    keywords = {Functional specification, requirements analysis, requirements definition, structured analsis}
}

@article{Harel1990,
    title = {{STATEMATE: a working environment for the development of complex reactive systems}},
    year = {1990},
    journal = {IEEE Transactions on Software Engineering},
    author = {Harel, D. and Lachover, H. and Naamad, A. and Pnueli, A. and Politi, M. and Sherman, R. and Shtull-Trauring, A. and Trakhtenbrot, M.},
    number = {4},
    pages = {403--414},
    volume = {16},
    url = {http://ieeexplore.ieee.org/lpdocs/epic03/wrapper.htm?arnumber=54292},
    isbn = {0098-5589},
    doi = {10.1109/32.54292},
    issn = {00985589},
    keywords = {Communication system control, Communication system software, Control systems, Documentation, Embedded software, Hardware, Real time systems, Research and development, STATEMATE, Software systems, Software tools, analysis, behavior, complex reactive systems, debug diagrammatic, design, development, documentation, functionality, graphical languages, graphical orientation, programming environments, software engineering, specification, statecharts, systems analysis, working environment}
}

@book{Wieringa2003,
    title = {{The Unified Modeling Language (UML)}},
    year = {2006},
    booktitle = {Design Methods for Reactive Systems},
    author = {{Fenni Agustina}},
    pages = {33--51},
    url = {http://www.sciencedirect.com/science/article/pii/B9781558607552500307},
    isbn = {9780126853520},
    doi = {10.1016/B978-012685352-0/50003-3},
    issn = {15710661}
}

@misc{Harel1998,
    title = {{Modeling reactive systems with statecharts}},
    year = {1998},
    booktitle = {Software development series},
    author = {Harel, David and Politi, Michal and Books24x7, Inc},
    url = {http},
    isbn = {0070262055},
    keywords = {Computer software, Development, Electronic books, Object-oriented programming (Computer science), Statecharts (Computer science), System design}
}

@article{Harel2003b,
    title = {{Specifying and executing requirements}},
    year = {2002},
    journal = {Companion of the 17th annual ACM SIGPLAN conference on Object-oriented programming, systems, languages, and applications  - OOPSLA '02},
    author = {Marelly, Rami and Harel, David and Kugler, Hillel},
    pages = {84},
    url = {http://portal.acm.org/citation.cfm?doid=985072.985115},
    isbn = {1581136269},
    doi = {10.1145/985072.985115},
    issn = {1619-1366},
    keywords = {engineering, live sequence charts, lscs, requirements, scenarios, system modeling and execution}
}

@article{Brill2004,
    title = {{Live sequence charts}},
    year = {2004},
    journal = {Integration of Software {\ldots}},
    author = {Brill, M and Damm, W and Klose, J},
    pages = {1--26},
    url = {http://www.springerlink.com/index/1fjetnmt9nrn6vrj.pdf},
    doi = {10.1007/s10009-004-0145-x},
    issn = {1433-2779}
}

@article{damm2001lscs,
    title = {{LSCs: Breathing life into message sequence charts}},
    year = {2001},
    journal = {Formal methods in system design},
    author = {Damm, Werner and Harel, David},
    number = {1},
    pages = {45--80},
    volume = {19},
    publisher = {Springer}
}

@article{Marron2012,
    title = {{A decentralized approach for programming interactive applications with JavaScript and blockly}},
    year = {2012},
    journal = {Proceedings of the 2nd edition on Programming systems, languages and applications based on actors, agents, and decentralized control abstractions - AGERE! '12},
    author = {Marron, Assaf and Weiss, Gera and Wiener, Guy},
    pages = {59},
    url = {http://dl.acm.org/citation.cfm?doid=2414639.2414648},
    isbn = {9781450316309},
    doi = {10.1145/2414639.2414648},
    keywords = {behavioral programming, browser, client-side, coroutines, google blockly, html 5, javascript, visual programming, web application}
}

@article{harel1987statecharts,
    title = {{Statecharts: A visual formalism for complex systems}},
    year = {1987},
    journal = {Science of computer programming},
    author = {Harel, David},
    number = {3},
    pages = {231--274},
    volume = {8},
    publisher = {Elsevier}
}

@article{Kampa2008,
    title = {{Human health effects of air pollution}},
    year = {2008},
    journal = {Environmental Pollution},
    author = {Kampa, Marilena and Castanas, Elias},
    number = {2},
    pages = {362--367},
    volume = {151},
    isbn = {0269-7491},
    doi = {10.1016/j.envpol.2007.06.012},
    issn = {02697491},
    pmid = {17646040},
    keywords = {Air pollutant, Cellular actions, Detoxification, Human health}
}

@article{Rajaraman2011MiningDatasets,
    title = {{Mining of Massive Datasets}},
    year = {2011},
    journal = {Lecture Notes for Stanford CS345A Web Mining},
    author = {Rajaraman, Anand and Ullman, Jeffrey D},
    pages = {328},
    volume = {67},
    url = {http://ebooks.cambridge.org/ref/id/CBO9781139058452},
    isbn = {9781139058452},
    doi = {10.1017/CBO9781139058452},
    issn = {01420615},
    pmid = {1107015359}
}

@article{0SP2,
    title = {{SP2}},
    year = {0},
    number = {},
    pages = {},
    volume = {}
}

@article{Elci2015SWS-03-Representation,
    title = {{SWS-03-Representation}},
    year = {2015},
    author = {Elci, Atilla and Kon{\'{e}}, Mamadou Tadiou and A.Orgun, Mehmet},
    number = {March},
    isbn = {9783642156892}
}

@article{Elci2015SWS-04-Metadata,
    title = {{SWS-04-Metadata}},
    year = {2015},
    author = {Elci, Atilla and Kon{\'{e}}, Mamadou Tadiou and A.Orgun, Mehmet},
    number = {March},
    isbn = {9783642156892}
}

@article{Fleuriot2015SWS-02-Ontologies,
    title = {{SWS-02-Ontologies}},
    year = {2015},
    author = {Fleuriot, Jacques},
    number = {January}
}

@article{Elci2015SWS-01-Introduction,
    title = {{SWS-01-Introduction}},
    year = {2015},
    author = {Elci, Atilla and Kon{\'{e}}, Mamadou Tadiou and A.Orgun, Mehmet},
    number = {March},
    isbn = {9783642156892}
}

@article{Elci2015SWS-05-RDFModels,
    title = {{SWS-05-RDFModels}},
    year = {2015},
    author = {Elci, Atilla and Kon{\'{e}}, Mamadou Tadiou and A.Orgun, Mehmet},
    number = {March},
    isbn = {9783642156892}
}

@article{Klein2009SWS-06-RDFDataStructures,
    title = {{SWS-06-RDFDataStructures}},
    year = {2009},
    author = {Klein, Ewan},
    number = {January}
}

@article{Elci2015SWS-08-Querying,
    title = {{SWS-08-Querying}},
    year = {2015},
    author = {Elci, Atilla and Kon{\'{e}}, Mamadou Tadiou and A.Orgun, Mehmet},
    number = {March},
    isbn = {9783642156892}
}

@article{Elci2015SWS-07-RDFSchema,
    title = {{SWS-07-RDFSchema}},
    year = {2015},
    author = {Elci, Atilla and Kon{\'{e}}, Mamadou Tadiou and A.Orgun, Mehmet},
    number = {March},
    isbn = {9783642156892}
}

@article{Manataki2015SWS-09-LinkedData,
    title = {{SWS-09-LinkedData}},
    year = {2015},
    author = {Manataki, Areti},
    number = {February}
}

@article{Manataki2015SWS-10-DescriptionLogicsOWL,
    title = {{SWS-10-DescriptionLogicsOWL}},
    year = {2015},
    author = {Manataki, Areti},
    number = {February}
}

@article{Manataki2015Semantic,
    title = {{Semantic Web Systems Ontological Engineering So far in this course {\ldots}}},
    year = {2015},
    author = {Manataki, Areti},
    number = {February}
}

@article{Mcneill2010SWS-12-OntologyMatching,
    title = {{SWS-12-OntologyMatching}},
    year = {2010},
    author = {Mcneill, Fiona},
    number = {March}
}

@article{Elci2015SWS-13-ProgrammableWeb,
    title = {{SWS-13-ProgrammableWeb}},
    year = {2015},
    author = {Elci, Atilla and Kon{\'{e}}, Mamadou Tadiou and A.Orgun, Mehmet},
    number = {March},
    isbn = {9783642156892}
}

@article{Martin2007SWS-14-Web-Services-1,
    title = {{SWS-14-Web-Services-1}},
    year = {2007},
    journal = {Intelligent Systems, IEEE},
    author = {Martin, D and Domingue, J},
    number = {5},
    pages = {12--17},
    volume = {22},
    url = {http://ieeexplore.ieee.org/search/srchabstract.jsp?tp={\&}arnumber=4338488{\&}queryText=((Authors:domingue)+AND+(martin)){\&}openedRefinements=*{\&}sortType=desc{\_}Publication+Year{\&}matchBoolean=true{\&}rowsPerPage=50{\&}searchField=Search+All{\textbackslash}npapers2://publication/doi/},
    isbn = {1541-1672 VO - 22},
    doi = {10.1109/MIS.2007.4338488},
    issn = {1541-1672},
    keywords = {SAWSDL, Web services, composite services, semantic Web, semantic Web services, semantic technologies, service orientation, service-oriented architecture, services, technology research}
}

@article{Martin2007SWS-14-Web-Services-2,
    title = {{SWS-14-Web-Services-2}},
    year = {2007},
    journal = {Intelligent Systems, IEEE},
    author = {Martin, David and Domingue, John},
    number = {6},
    pages = {8–15},
    volume = {22},
    url = {http://ieeexplore.ieee.org/xpls/abs{\_}all.jsp?arnumber=4397204},
    doi = {10.1109/MIS.2007.4338488},
    issn = {1541-1672}
}

@article{Clark2012Coursework,
    title = {{Coursework}},
    year = {2012},
    author = {Clark, Allan},
    number = {January},
    pages = {1--4}
}

@book{MarkDowdJohnMcDonald2006TheVulnerabilities,
    title = {{The Art of Software Security Assessment: Identifying and Preventing Software Vulnerabilities}},
    year = {2006},
    author = {Mark Dowd, John McDonald, Justin Schuh},
    pages = {1200},
    url = {www.awprofessional.com{\textbackslash}n},
    isbn = {978-0-321-44442-4}
}

@article{Aspinall20161Introduction,
    title = {{1 : Introduction}},
    year = {2016},
    author = {Aspinall, David and Edinburgh, Informatics},
    number = {January}
}

@article{Maneth2016Lecture1,
    title = {{Lecture 1}},
    year = {2016},
    author = {Maneth, Sebastian}
}

@article{Maneth2016Lecture2,
    title = {{Lecture 2}},
    year = {2016},
    author = {Maneth, Sebastian}
}

@article{Maneth2016Lecture3,
    title = {{Lecture 3}},
    year = {2016},
    author = {Maneth, Sebastian}
}

@article{Leroy2000ASystem,
    title = {{A modular module system}},
    year = {2000},
    journal = {Journal of Functional Programming},
    author = {Leroy, Xavier},
    number = {3},
    pages = {269--303},
    volume = {10},
    doi = {10.1017/S0956796800003683},
    issn = {09567968}
}

@article{DeMarco2009SoftwareGone,
    title = {{Software engineering - An Idea Whose Time Has Come and Gone?}},
    year = {2009},
    journal = {IEEE Software},
    author = {DeMarco, T},
    pages = {95--97},
    url = {http://www.computer.org/portal/web/computingnow/0709/whatsnew/software-r},
    isbn = {0740-7459},
    doi = {10.1109/MS.2009.101},
    issn = {0253-0465},
    pmid = {23020012}
}

@article{Nicola2003XmlPerformance,
    title = {{Xml parsing: a threat to database performance}},
    year = {2003},
    journal = {Proceedings of the twelfth international conference on {\ldots}},
    author = {Nicola, M and John, J},
    pages = {3--6},
    volume = {9},
    url = {http://portal.acm.org/citation.cfm?id=956863.956898{\textbackslash}nhttp://dl.acm.org/citation.cfm?id=956898},
    isbn = {1581137230},
    doi = {10.1145/956863.956898},
    issn = {01674048},
    keywords = {database, document object model, dom, dom sax, main memory, parser, parsers construct, performance, sax, two models, validation, xml, xml parsing}
}

@article{Aspinall20163:Overflows,
    title = {{3: Memory Corruption I (Stack Overflows)}},
    year = {2016},
    author = {Aspinall, David},
    number = {January}
}

@article{Abiteboul2011WebManagement,
    title = {{Web data management}},
    year = {2011},
    journal = {Recherche},
    author = {Abiteboul, Serge and Manolescu, Ioana and Rigaux, Philippe},
    url = {http://www.cloudline.fr/files/wdm-websearch.pdf{\textbackslash}nhttp://books.google.com/books?hl=en{\&}lr={\&}id=-yKCPHemQ0sC{\&}oi=fnd{\&}pg=PR5{\&}dq=Web+data+management{\&}ots=pTDhHIjzJ6{\&}sig=IrJK0rEX0NDiF{\_}wvMQJurXxbaMI},
    isbn = {9780511998225},
    doi = {10.1017/CBO9780511998225}
}

@article{Aspinall20162Landscape,
    title = {{2 : Landscape}},
    year = {2016},
    author = {Aspinall, David and Edinburgh, Informatics},
    number = {January}
}

@article{OderskyScala,
    title = {{Scala}},
    author = {Odersky, Martin and Venners, Bill},
    isbn = {9780981531601}
}

@book{BeginingScala,
    title = {{Begining Scala}},
    volume = {25}
}

@article{Maneth2016Lecture4,
    title = {{Lecture 4}},
    year = {2016},
    author = {Maneth, Sebastian}
}

@article{Ramakrishnan2000DatabaseSystem,
    title = {{Database Management System}},
    year = {2000},
    author = {Ramakrishnan, Raghu and Gehrke, Johannes},
    pages = {677--679},
    isbn = {0-07-246535-2},
    doi = {10.1002/0471684228.egp03115}
}

@article{Aspinall20164,
    title = {{4 : Memory Corruption II ( Stack Overflows )}},
    year = {2016},
    author = {Aspinall, David and Edinburgh, Informatics},
    number = {January}
}

@article{Aspinall20165,
    title = {{5 : Memory Corruption III ( Heap and other attacks )}},
    year = {2016},
    author = {Aspinall, David and Edinburgh, Informatics},
    number = {January}
}

@article{Maneth2016Lecture5,
    title = {{Lecture 5}},
    year = {2016},
    author = {Maneth, Sebastian}
}

@article{Maneth2016Lecture6,
    title = {{Lecture 6}},
    year = {2016},
    author = {Maneth, Sebastian}
}

@misc{Allemang2008SemanticOWL,
    title = {{Semantic web for the working ontologist : modeling in RDF, RDFS and OWL}},
    year = {2008},
    booktitle = {Journal of empirical research on human research ethics JERHRE},
    author = {Allemang, Dean and Hendler, James},
    number = {3},
    pages = {330},
    volume = {6},
    url = {http://library.books24x7.com.ezproxy.library.yorku.ca/toc.asp?site=O1KIJ{\&}bkid=32313},
    isbn = {0123735564},
    doi = {10.1525/jer.2011.6.3.toc},
    issn = {15562654},
    pmid = {21931231}
}

@article{Maneth2016Lecture7,
    title = {{Lecture 7}},
    year = {2016},
    author = {Maneth, Sebastian}
}

@book{Heath2011LinkedEdition,
    title = {{Linked data: Evolving the Web into a global data space (1st edition)}},
    year = {2011},
    booktitle = {Synthesis Lectures on the Semantic Web Theory and Technology 11},
    author = {Heath, Tom and Bizer, Christian},
    number = {1},
    pages = {1--136},
    volume = {1},
    url = {http://www.morganclaypool.com/doi/abs/10.2200/S00334ED1V01Y201102WBE001},
    isbn = {9781608454303},
    doi = {10.2200/S00334ED1V01Y201102WBE001},
    issn = {2160-4711},
    keywords = {data integration, data management, databases, dataspaces, linked data, resource description framework, semantic web, web data, web engineering, web technology, world wide web}
}

@article{AndersonLecturePractical,
    title = {{Lecture 2 - Practical}},
    author = {Anderson, Stuart}
}

@article{LectureContinued,
    title = {{Lecture 4.5 Availability Continued}}
}

@article{AndersonLectureUs,
    title = {{Lecture 3 - What does Sofware Architecture Give Us}},
    author = {Anderson, Stuart}
}

@article{AndersonLectureBooks,
    title = {{Lecture 1 Introduction (Books)}},
    author = {Anderson, Stuart}
}

@article{LectureAttributes,
    title = {{Lecture 4 - Quality Attributes}}
}

@article{Aspinall20166:Overflows,
    title = {{6: Memory Corruption IV (Stack Overflows)}},
    year = {2016},
    author = {Aspinall, David},
    number = {January}
}

@article{Aspinall2016LecureInjection,
    title = {{Lecure Programming Lecture 8++: SQL Injection}},
    year = {2016},
    author = {Aspinall, David and Edinburgh, Informatics},
    number = {January}
}

@book{Tanenbaum2003Book,
    title = {{Book•}},
    year = {2003},
    booktitle = {Communication},
    author = {Tanenbaum, Andrew S},
    isbn = {0130661023}
}

@article{Maneth2016Lecture10,
    title = {{Lecture 10}},
    year = {2016},
    author = {Maneth, Sebastian}
}

@article{Maneth2016Lecture9,
    title = {{Lecture 9}},
    year = {2016},
    author = {Maneth, Sebastian}
}

@article{Zobel2006InvertedRead,
    title = {{Inverted files for text search engines (Lecture 10 Read)}},
    year = {2006},
    journal = {ACM Computing Surveys},
    author = {Zobel, Justin and Moffat, Alistair},
    number = {2},
    pages = {1--56},
    volume = {38},
    isbn = {0360-0300},
    doi = {10.1145/1132956.1132959},
    issn = {03600300}
}

@article{Aspinall2016SecureDevelopment,
    title = {{Secure Programming Lecture 9 : Secure Development}},
    year = {2016},
    author = {Aspinall, David and Edinburgh, Informatics},
    number = {January}
}

@article{Pareti2016Semantic11/2/2016,
    title = {{Semantic Web Systems Practical Lab 11/2/2016}},
    year = {2016},
    author = {Pareti, Paolo}
}

@article{Aleti2013SoftwareReview,
    title = {{Software Architecture Optimization Methods: A Systematic Literature Review}},
    year = {2013},
    journal = {Software Engineering, IEEE Transactions on},
    author = {Aleti, a and Buhnova, B and Grunske, L and Koziolek, A and Meedeniya, I},
    number = {5},
    pages = {658--683},
    volume = {39},
    isbn = {0098-5589},
    doi = {10.1109/TSE.2012.64},
    issn = {0098-5589},
    keywords = {Computer architecture, Optimization methods, Software, Software architecture, Software architecture optimization, Systematics, Taxonomy, optimization methods, problem overview, software architecture, software architecture design, software architecture optimization method, software quality, software quality attribute, software system, systematic literature review}
}

@article{Parsons2009APrimer,
    title = {{A Semantic Web Primer}},
    year = {2009},
    journal = {The Knowledge Engineering Review},
    author = {Parsons, Simon},
    pages = {415},
    volume = {24},
    url = {http://www.journals.cambridge.org/abstract{\_}S0269888909990117},
    isbn = {9780262012423},
    doi = {10.1017/S0269888909990117},
    issn = {02698889},
    pmid = {345514}
}

@book{Pan2008LectureScience,
    title = {{Lecture Notes in Computer Science}},
    year = {2008},
    booktitle = {Evolutionary Computation, Machine Learning and Data Mining in Bioinformatics},
    author = {Pan, Qinxin and Darabos, Christian and Moore, JasonH.},
    pages = {122--133},
    volume = {7246},
    url = {http://dx.doi.org/10.1007/978-3-642-29066-4{\_}11},
    isbn = {978-3-642-29065-7},
    doi = {10.1007/978-3-642-29066-4{\{}{\_}{\}}11},
    issn = {03029743},
    pmid = {4520227},
    arxivId = {9780201398298},
    keywords = {Whole Genome Duplication, duplication mutations, e}
}

@article{Dillon2010CloudChallenges,
    title = {{Cloud Computing: Issues and Challenges}},
    year = {2010},
    journal = {Advanced Information Networking and Applications (AINA), 2010 24th IEEE International Conference on},
    author = {Dillon, T. and Wu, Chen Wu Chen and Chang, E.},
    pages = {27--33},
    isbn = {978-1-4244-6695-5},
    doi = {10.1109/AINA.2010.187},
    issn = {1550-445X},
    keywords = {Cloud computing, Distributed Comptuing, Servcice-Oriented Computing, Web Services}
}

@article{Papadopoulos2005EvolvingTechniques,
    title = {{Evolving car designs using model-based automated safety analysis and optimisation techniques}},
    year = {2005},
    journal = {Journal of Systems and Software},
    author = {Papadopoulos, Yiannis and Grante, Christian},
    number = {1},
    pages = {77--89},
    volume = {76},
    isbn = {0164-1212},
    doi = {10.1016/j.jss.2004.06.027},
    issn = {01641212},
    keywords = {Automated safety analysis, Fault tolerance, Fault tree synthesis, Multi-objective optimization, Software hazard analysis}
}

@article{Storms2004BufferOverflowForDummies,
    title = {{BufferOverflowForDummies}},
    year = {2004},
    author = {Storms, Andrew},
    pages = {1- 11}
}

@article{Aspinall2016SecureCorruption,
    title = {{Secure Programming Lab 1 : Data Corruption}},
    year = {2016},
    author = {Aspinall, David and Hallett, Joseph and Chan, Arthur},
    number = {February},
    pages = {1--10}
}

@book{AnleyTheHandbook,
    title = {{The Shellcoder ’ s Handbook}},
    author = {Anley, Chris and Linder, Felix F X},
    isbn = {9780470080238}
}

@article{Maneth2016Lecture8,
    title = {{Lecture 8}},
    year = {2016},
    author = {Maneth, Sebastian}
}

@article{LectureSecurity,
    title = {{Lecture 5 Security}}
}

@article{Aspinall2016SecureSecurity,
    title = {{Secure Programming Lecture 10 : Web Application Security}},
    year = {2016},
    author = {Aspinall, David},
    number = {February}
}

@article{McgrawGaryWest,
    title = {{Gary McGraw, Ph.D., Sammy Migues, and Jacob West}},
    author = {Mcgraw, Gary and Ph, D and Migues, Sammy and West, Jacob and Arkin, Adobe Brad and Routh, Aetna Jim and Tower, Anda Michael and Fernandes, Autodesk Floyd and V{\"{a}}h{\"{a}}-sipil{\"{a}}, F-secure Antti and Mae, Fannie and Derdouri, Stephanie},
    keywords = {BSIMM6}
}

@article{Krotzsch2012APrimer,
    title = {{A description logic primer}},
    year = {2012},
    journal = {arXiv preprint arXiv:1201.4089},
    author = {Kr{\"{o}}tzsch, Markus and Simancik, F and Horrocks, Ian},
    number = {June},
    pages = {1--17},
    url = {http://arxiv.org/abs/1201.4089},
    isbn = {9781614993797},
    arxivId = {1201.4089}
}

@article{Aspinall2016SecureLeakage,
    title = {{Secure Programming Lecture 15 : Information Leakage}},
    year = {2016},
    author = {Aspinall, David},
    number = {March}
}

@article{Maneth2016Lecture16,
    title = {{Lecture 16}},
    year = {2016},
    author = {Maneth, Sebastian}
}

@article{Lecture18,
    title = {{Lecture 18}}
}

@article{ArchitectureEvaluation,
    title = {{Architecture Evaluation}}
}

@article{Aspinall2016SecureRaces,
    title = {{Secure Programming Lecture 16 : Races}},
    year = {2016},
    author = {Aspinall, David and Edinburgh, Informatics},
    number = {January}
}

@book{Maneth2016Lecture19,
    title = {{Lecture 19}},
    year = {2016},
    author = {Maneth, Sebastian},
    isbn = {0486275574}
}

@article{Prot2011A1.3,
    title = {{A Practical Guide To Building OWL Ontologies Using Prot{\'{e}}g{\`{e}} 4 and CO-ODE Tools Edition 1.3}},
    year = {2011},
    journal = {Matrix},
    author = {Prot, Using and Horridge, Matthew and Knublauch, Holger and Rector, Alan and Stevens, Robert and Wroe, Chris and Jupp, Simon and Moulton, Georgina and Drummond, Nick and Brandt, Sebastian},
    pages = {0--107},
    url = {http://owl.cs.manchester.ac.uk/tutorials/protegeowltutorial/resources/ProtegeOWLTutorialP4{\_}v1{\_}3.pdf},
    isbn = {1111111111}
}

@article{Maneth2016Lecture12,
    title = {{Lecture 12}},
    year = {2016},
    author = {Maneth, Sebastian}
}

@article{Maneth2016Lecture11,
    title = {{Lecture 11}},
    year = {2016},
    author = {Maneth, Sebastian}
}

@article{Maneth2016Lecture14,
    title = {{Lecture 14}},
    year = {2016},
    author = {Maneth, Sebastian}
}

@article{Maneth2016Lecture13,
    title = {{Lecture 13}},
    year = {2016},
    author = {Maneth, Sebastian}
}

@article{Maneth2016Lecture15,
    title = {{Lecture 15}},
    year = {2016},
    author = {Maneth, Sebastian}
}

@article{Maneth2016Lecture17,
    title = {{Lecture 17}},
    year = {2016},
    author = {Maneth, Sebastian}
}

@article{Prufung2003Recap1,
    title = {{Recap 1}},
    year = {2003},
    author = {Pr{\"{u}}fung, Herbst Zweistündige},
    pages = {7--12},
    volume = {1866}
}

@article{201417Security,
    title = {{17 Security}},
    year = {2014}
}

@article{201418Review,
    title = {{18 Course Review}},
    year = {2014}
}

@article{Dean2008MapReduce,
    title = {{MapReduce}},
    year = {2008},
    journal = {Communications of the ACM},
    author = {Dean, Jeffrey and Ghemawat, Sanjay},
    number = {1},
    pages = {107},
    volume = {51},
    url = {http://portal.acm.org/citation.cfm?doid=1327452.1327492},
    isbn = {9781595936868},
    doi = {10.1145/1327452.1327492},
    issn = {00010782},
    pmid = {11687618},
    arxivId = {10.1.1.163.5292}
}

@article{ExerciseWeightedGraphs,
    title = {{WeightedGraphs}},
    author = {Exercise, See},
    pages = {45--56},
    volume = {1}
}

@article{Maneth2016Recap2,
    title = {{Recap 2}},
    year = {2016},
    author = {Maneth, Sebastian}
}

@article{Lamport1978TimeSystem,
    title = {{Time, Clocks, and the Ordering of Events in a Distributed System}},
    year = {1978},
    journal = {Communications of the ACM},
    author = {Lamport, Leslie},
    number = {7},
    pages = {558--565},
    volume = {21},
    url = {http://delivery.acm.org.proxy.lib.pdx.edu/10.1145/360000/359563/p558-lamport.pdf?ip=131.252.96.28{\&}id=359563{\&}acc=ACTIVE SERVICE{\&}key=B63ACEF81C6334F5.CA8B0988038A4DF4.4D4702B0C3E38B35.4D4702B0C3E38B35{\&}CFID=744655214{\&}CFTOKEN=36213872{\&}{\_}{\_}acm{\_}{\_}=1452760285{\_}b7c0f},
    isbn = {0262133865},
    doi = {10.1145/359545.359563},
    issn = {00010782},
    keywords = {clock synchronization, computer networks, distributed systems, multiprocess}
}

@book{Bash2015MITBook,
    title = {{MIT Book}},
    year = {2015},
    booktitle = {PhD Proposal},
    author = {Bash, Eleanor},
    volume = {1},
    isbn = {9788578110796},
    doi = {10.1017/CBO9781107415324.004},
    issn = {1098-6596},
    pmid = {25246403},
    arxivId = {arXiv:1011.1669v3},
    keywords = {icle}
}

@article{Assignment1Administration,
    title = {{1 Overview and administration}},
    author = {Assignment, Second},
    pages = {1--6}
}

@article{Paper2011ExamMay2014,
    title = {{ExamMay2014}},
    year = {2011},
    journal = {Compute},
    author = {Paper, Mock},
    number = {May},
    pages = {1--6}
}

@article{Assignment2Methods,
    title = {{2 Introduction to cloud computing and MapReduce: problems, models, reasons, methods}},
    author = {Assignment, Second},
    pages = {1--6}
}

@article{3Line,
    title = {{3 Demo: Implementing MapReduce on the command line}},
    pages = {1--19}
}

@article{Mapreduce4MapReduce,
    title = {{4 Data processing with Hadoop and MapReduce}},
    author = {Mapreduce, Hadoop}
}

@article{Cloudera.Alto20095Processing,
    title = {{5 Algorithms for MapReduce: examples of design patterns for large-scale data processing}},
    year = {2009},
    journal = {Cloudera},
    author = {Cloudera. Alto, Palo},
    url = {https://ccp.cloudera.com/display/DOC/Documentation}
}

@article{7Infrastructure,
    title = {{7 Virtualisation: deploying logical services on physical infrastructure}}
}

@article{Assignment8Infrastructure,
    title = {{8 Virtualisation: deploying logical services on physical infrastructure}},
    author = {Assignment, Second},
    pages = {1--6}
}

@article{6Computing,
    title = {{6 Replication and fault tolerance: a behind the scenes look of the issues involved in high availability computing}}
}

@article{Acid9Consistency,
    title = {{9 BASE versus ACID: different models and methodologies for transactional processing and guaranteeing consistency}},
    author = {Acid, The}
}

@article{Davies201510Memory.,
    title = {{10 Bloom filters: approximately represent a very large set in small memory.}},
    year = {2015},
    author = {Davies, Jason},
    number = {4},
    pages = {1--22},
    volume = {1},
    url = {https://www.jasondavies.com/bloomfilter/}
}

@article{11Computing,
    title = {{11 BitTorrent: desigining custom large-scale applications and incentive-based computing}}
}

@article{Assignment12Bec,
    title = {{12 Data warehousing: enabling analyticsust bec}},
    author = {Assignment, Second},
    pages = {1--6}
}

@article{Assignment13Analytics,
    title = {{13 Data warehousing: enabling analytics}},
    author = {Assignment, Second},
    pages = {1--6}
}

@article{Murtola14Used,
    title = {{14 Beyond MapReduce: other types of infrastructure currently being deployed and used}},
    journal = {Learning},
    author = {Murtola, Anna-maria}
}

@article{15Sampling,
    title = {{15 Resevoir Sampling Problem : Sampling}},
    pages = {1--12}
}

@article{Paper2011Exam2013,
    title = {{Exam2013}},
    year = {2011},
    journal = {Compute},
    author = {Paper, Mock},
    number = {May},
    pages = {1--6}
}

@article{Paper2011Exam2014,
    title = {{Exam2014}},
    year = {2011},
    journal = {Compute},
    author = {Paper, Mock},
    number = {May},
    pages = {1--6}
}

@article{Paper2011Exam2015,
    title = {{Exam2015}},
    year = {2011},
    journal = {Compute},
    author = {Paper, Mock},
    number = {May},
    pages = {1--6}
}

@article{Gallager1983ATrees,
    title = {{A Distributed Algorithm for Minimum-Weight Spanning Trees}},
    year = {1983},
    journal = {ACM Transactions on Programming Languages and Systems},
    author = {Gallager, R. G. and Humblet, P. a. and Spira, P. M.},
    number = {1},
    pages = {66--77},
    volume = {5},
    doi = {10.1145/357195.357200},
    issn = {01640925}
}

@article{Lin2010Data-IntensiveMapReduce,
    title = {{Data-Intensive Text Processing with MapReduce}},
    year = {2010},
    journal = {Synthesis Lectures on Human Language Technologies},
    author = {Lin, Jimmy and Dyer, Chris},
    number = {1},
    pages = {1--177},
    volume = {3},
    isbn = {1608453421},
    doi = {10.2200/S00274ED1V01Y201006HLT007},
    issn = {1947-4040}
}

@article{Olston2008PigProcessing,
    title = {{Pig Latin: A Not-So-Foreign Language for Data Processing}},
    year = {2008},
    journal = {Proceedings of the 2008 ACM SIGMOD international conference on Management of data - SIGMOD '08},
    author = {Olston, Christopher and Reed, Benjamin and Srivastava, Utkarsh and Kumar, Ravi and Tomkins, Andrew},
    pages = {1099},
    url = {http://dl.acm.org/citation.cfm?id=1376616.1376726},
    isbn = {978-1-60558-102-6},
    doi = {10.1145/1376616.1376726},
    issn = {07308078},
    keywords = {dataflow language, pig latin}
}

@article{Stonebraker2010MapReduceDBMSs,
    title = {{MapReduce and parallel DBMSs}},
    year = {2010},
    journal = {Communications of the ACM},
    author = {Stonebraker, Michael and Abadi, Daniel and DeWitt, David J. and Madden, Sam and Paulson, Erik and Pavlo, Andrew and Rasin, Alexander},
    number = {1},
    pages = {64},
    volume = {53},
    url = {http://database.cs.brown.edu/papers/stonebraker-cacm2010.pdf},
    isbn = {3540279997},
    doi = {10.1145/1629175.1629197},
    issn = {00010782},
    pmid = {21005999}
}

@article{Armbrust2009AboveComputing,
    title = {{Above the clouds: A Berkeley view of cloud computing}},
    year = {2009},
    journal = {  University of California, Berkeley, Tech. Rep. UCB },
    author = {Armbrust, M and Fox, A and Griffith, R and Joseph, AD and {RH}},
    pages = {07--013},
    url = {http://scholar.google.com/scholar?q=intitle:Above+the+clouds:+A+Berkeley+view+of+cloud+computing{\#}0},
    isbn = {UCB/EECS-2009-28},
    doi = {10.1145/1721654.1721672},
    issn = {00010782},
    pmid = {11242594},
    arxivId = {0521865719 9780521865715},
    keywords = {cloud computing, distributed system economics, internet datacenters, utility computing}
}

@article{Barham2003XenVirtualization,
    title = {{Xen and the art of virtualization}},
    year = {2003},
    journal = {ACM SIGOPS Operating Systems Review},
    author = {Barham, Paul and Dragovic, Boris and Fraser, Keir and Hand, Steven and Harris, Tim and Ho, Alex and Neugebauer, Rolf and Pratt, Ian and Warfield, Andrew},
    number = {5},
    pages = {164},
    volume = {37},
    isbn = {1-58113-757-5},
    doi = {10.1145/1165389.945462},
    issn = {01635980},
    pmid = {685953},
    keywords = {hypervisors, paravirtualization, virtual machine monitors}
}

@article{Paper2011ExamMay2015,
    title = {{ExamMay2015}},
    year = {2011},
    journal = {Compute},
    author = {Paper, Mock},
    number = {May},
    pages = {1--6}
}

@book{Coulouris2012DistributedDesign,
    title = {{Distributed Systems: Concepts and Design}},
    year = {2012},
    booktitle = {Computer},
    author = {Coulouris, George and Dollimore, Jean and Kindberg, Tim},
    pages = {772},
    volume = {4},
    url = {http://www.amazon.com/dp/0321263545},
    isbn = {0321263545},
    issn = {02016191}
}

@article{20162Algorithms,
    title = {{2 Basic algorithms}},
    year = {2016}
}

@article{Icast20101Intro,
    title = {{1 Intro}},
    year = {2010},
    author = {Icast, Sinan Yildirim}
}

@article{20143Trees,
    title = {{3 Distributed minimum spanning trees}},
    year = {2014},
    url = {http://www.me.utexas.edu/{\~{}}jensen/exercises/mst{\_}spt/mst{\_}spt.html}
}

@article{20164Events,
    title = {{4 Time, clocks, and Ordering of events}},
    year = {2016}
}

@article{Sarkar20146Snapshots,
    title = {{6 Global states and snapshots}},
    year = {2014},
    author = {Sarkar, Rik}
}

@article{20135Snapshots,
    title = {{5 Clocks, Ordering, and global snapshots}},
    year = {2013},
    pages = {1--13}
}

@article{20167Exclusion,
    title = {{7 Predicates and Mutual Exclusion}},
    year = {2016}
}

@article{Danelutto20128Models,
    title = {{8 Communication and models}},
    year = {2012},
    author = {Danelutto, M},
    pages = {239}
}

@article{Sheehan20149Assignment,
    title = {{9 Assignment}},
    year = {2014},
    author = {Sheehan, Dean}
}

@article{Elecon201510Election,
    title = {{10 Failure detectors and Leader Election}},
    year = {2015},
    author = {Elecon, Leader}
}

@article{201611Agreement,
    title = {{11 Mulicast and agreement}},
    year = {2016}
}

@article{Krieger201213Peer.,
    title = {{13 Peer To Peer.}},
    year = {2012},
    journal = {Benefits Magazine},
    author = {Krieger, Michael},
    number = {7},
    pages = {44},
    volume = {49},
    url = {http://search.ebscohost.com/login.aspx?direct=true{\&}db=buh{\&}AN=77228205{\&}site=ehost-live},
    issn = {21576157},
    keywords = {FIDUCIARY liability, FIDUCIARY responsibility, MULTIEMPLOYER pension plans, PENSION plan terminations, PENSIONS}
}

@article{201612Systems,
    title = {{12 Termination, Operating Systems}},
    year = {2016}
}

@article{Sarkar201414Localization,
    title = {{14 Localization}},
    year = {2014},
    author = {Sarkar, Rik}
}

@article{Sarkar201415Protocols,
    title = {{15 Location based protocols}},
    year = {2014},
    author = {Sarkar, Rik}
}

@article{201516Sets,
    title = {{16 Coloring and maximal independent sets}},
    year = {2015}
}

@article{Raynalt1995AlgorithmsComputing,
    title = {{Algorithms in Distributed Computing}},
    year = {1995},
    author = {Raynalt, Michel and Singhals, Mukesh},
    pages = {224--233},
    volume = {2}
}

@article{20111WhatDesign,
    title = {{1What is interaction design}},
    year = {2011}
}

@article{Programming20112InterfacesNop,
    title = {{2InterfacesNop}},
    year = {2011},
    author = {Programming, Approximate Dynamic},
    pages = {221--248}
}

@article{Sharp2011BOOKInteraction,
    title = {{BOOK Interaction Design: Beyond Human-Computer Interaction}},
    year = {2011},
    journal = {Book},
    author = {Sharp, Helen and Rogers, Yvonne and Preece, Jenny},
    pages = {602},
    volume = {11},
    isbn = {0470665769},
    doi = {10.1162/leon.2005.38.5.401},
    issn = {10913556}
}

@article{Programming20112Interfaces,
    title = {{2Interfaces}},
    year = {2011},
    author = {Programming, Approximate Dynamic},
    pages = {221--248}
}

@article{ComputingCaseStudy2TweetingBottles,
    title = {{CaseStudy2TweetingBottles}},
    author = {Computing, Speckled}
}

@article{DesignCaseStudy3WirelessHealth,
    title = {{CaseStudy3WirelessHealth}},
    author = {Design, Interaction and Study, Case}
}

@article{ComputingCaseStudy1LiteralAndStylisedRep,
    title = {{CaseStudy1LiteralAndStylisedRep}},
    author = {Computing, Speckled}
}

@article{Paper2011Exam2015b,
    title = {{Exam2015}},
    year = {2011},
    journal = {Compute},
    author = {Paper, Mock},
    number = {May},
    pages = {1--6}
}

@article{Arvind1HCIIntroductoryLecture,
    title = {{1HCIIntroductoryLecture}},
    author = {Arvind, D K}
}

@article{Rogers20113DataGathering,
    title = {{3Data Gathering}},
    year = {2011},
    journal = {Interaction Design: beyond human-computer interaction.},
    author = {Rogers, Yvonne and Sharp, Helen and Preece, Jenny},
    pages = {222--268}
}

@article{Liang20134UnderstandingInteraction,
    title = {{4Understanding and Conceptualizing interaction}},
    year = {2013},
    author = {Liang, Shuang},
    pages = {1--42}
}

@article{PaulineSavy20116SocialInteraction,
    title = {{6Social Interaction}},
    year = {2011},
    journal = {Sociology in Today's World},
    author = {{Pauline Savy}},
    pages = {98--99},
    url = {http://books.google.com/books?id=5OTLuh2uXMoC{\&}pgis=1},
    isbn = {0170193039}
}

@article{Rogers20115CognitiveAspects,
    title = {{5Cognitive aspects}},
    year = {2011},
    journal = {Interaction Design: Beyond Human-Computer Interaction},
    author = {Rogers, Yvonne and Sharp, Helen and Preece, Jennifer},
    pages = {65--99}
}

@article{Helen20027TheDesign,
    title = {{7The process of interaction design}},
    year = {2002},
    journal = {Interaction design: beyond human-computer interaction},
    author = {Helen, Sharp and Rogers, Yvonne and Preece, Jenny},
    pages = {165 - 200}
}

@article{20118IdentifyingW,
    title = {{8Identifying needs and establishing requirements Overvie w}},
    year = {2011},
    pages = {1--38}
}

@article{20119IntroducingEvaluation,
    title = {{9Introducing Evaluation}},
    year = {2011},
    journal = {Agenda}
}

@article{Hunn201010EssentialsStandards,
    title = {{10Essentials of Short Range Wireless Standards}},
    year = {2010},
    author = {Hunn, Nick},
    number = {July},
    pages = {105},
    keywords = {802.11, 802.15.4, ant, bluetooth, wi-fi, zigbee}
}

@article{Paper2011ExamApril2014,
    title = {{ExamApril2014}},
    year = {2011},
    journal = {Compute},
    author = {Paper, Mock},
    number = {April},
    pages = {1--6}
}

@article{Aspnes2011NotesSystems,
    title = {{Notes on Theory of Distributed Systems}},
    year = {2011},
    journal = {Notes},
    author = {Aspnes, James}
}

@misc{DistributedSystems.pdf,
    title = {{DistributedSystems.pdf}}
}

@article{AndersonAllSlides,
    title = {{AllSlides}},
    author = {Anderson, Stuart}
}

@article{Tarkoma2012TheorySystems,
    title = {{Theory and practice of bloom filters for distributed systems}},
    year = {2012},
    journal = {Communications Surveys {\&} Tutorials, IEEE},
    author = {Tarkoma, Sasu and Rothenberg, Christian Esteve and Lagerspetz, Eemil},
    number = {1},
    pages = {131--155},
    volume = {14}
}

@book{Basin2011AppliedSecurity,
    title = {{Applied Information Security}},
    year = {2011},
    booktitle = {EBR - European Biopharmaceutical Review},
    author = {Basin, David and Schaller, Patrick and Schl{\"{a}}pfer, Michael},
    pages = {81--101},
    url = {http://www.springerlink.com/index/10.1007/978-3-642-24474-2},
    isbn = {978-3-642-24473-5},
    doi = {10.1007/978-3-642-24474-2},
    issn = {13690663}
}

@article{Rudolph2011FoundationsLogics,
    title = {{Foundations of description logics}},
    year = {2011},
    journal = {Lecture Notes in Computer Science (including subseries Lecture Notes in Artificial Intelligence and Lecture Notes in Bioinformatics)},
    author = {Rudolph, Sebastian},
    number = {May},
    pages = {76--136},
    volume = {6848 LNCS},
    isbn = {9783642230318},
    doi = {10.1007/978-3-642-23032-5{\_}2},
    issn = {03029743}
}

@article{Paper2011EXAM,
    title = {{EXAM}},
    year = {2011},
    journal = {Compute},
    author = {Paper, Mock},
    number = {May},
    pages = {1--6}
}

@article{Baader2003BasicLogics,
    title = {{Basic Description Logics}},
    year = {2003},
    journal = {The description logic handbook},
    author = {Baader, Franz},
    pages = {43--95},
    isbn = {0-521-78176-0},
    doi = {10.1007/s00287-011-0534-y},
    issn = {01706012}
}

@article{Aspinall2016SecureIII,
    title = {{Secure Programming Lecture 11: Web Application Security III}},
    year = {2016},
    author = {Aspinall, David},
    number = {March}
}

@article{Fallis2013TheBible,
    title = {{The Researcher's Bible}},
    year = {2013},
    journal = {Journal of Chemical Information and Modeling},
    author = {Fallis, A.G},
    number = {9},
    pages = {1689--1699},
    volume = {53},
    isbn = {9788578110796},
    doi = {10.1017/CBO9781107415324.004},
    issn = {1098-6596},
    pmid = {25246403},
    arxivId = {arXiv:1011.1669v3},
    keywords = {icle}
}

@article{Poduri1985VisibilityPhones,
    title = {{Visibility Monitoring using Mobile Phones}},
    year = {1985},
    journal = {Architecture},
    author = {Poduri, Sameera and Nimkar, Anoop and Sukhatme, Gaurav S}
}

@article{Martinez2000PersonalizedTracking,
    title = {{Personalized Air Quality Visualization and Tracking}},
    year = {2000},
    author = {Mart{\'{i}}nez, Alberto Vázquez}
}

@article{Xu2014DemoSystem,
    title = {{Demo Abstract : Gotcha - A Mobile Urban Sensing System}},
    year = {2014},
    author = {Xu, Xiangxiang and Zhang, Lin},
    pages = {316--317},
    isbn = {9781450331432},
    doi = {10.1145/2668332.2668374}
}

@article{Nikzad2012CitiSense,
    title = {{CitiSense}},
    year = {2012},
    journal = {Proceedings of the conference on Wireless Health - WH '12},
    author = {Nikzad, Nima and Rosing, Tajana Šimunić and Griswold, William G. and Verma, Nakul and Ziftci, Celal and Bales, Elizabeth and Quick, Nichole and Zappi, Piero and Patrick, Kevin and Dasgupta, Sanjoy and Krueger, Ingolf},
    pages = {1--8},
    url = {http://dl.acm.org/citation.cfm?id=2448096.2448107},
    isbn = {9781450317603},
    doi = {10.1145/2448096.2448107},
    keywords = {air quality, exposure monitoring, public health}
}

@article{Vineis2009TheVulnerability.,
    title = {{The impact of new research technologies on our understanding of environmental causes of disease: the concept of clinical vulnerability.}},
    year = {2009},
    journal = {Environmental health : a global access science source},
    author = {Vineis, Paolo and Khan, Aneire E and Vlaanderen, Jelle and Vermeulen, Roel},
    pages = {54},
    volume = {8},
    isbn = {1552-9924 (Electronic){\textbackslash}r0091-6765 (Linking)},
    doi = {10.1186/1476-069X-8-54},
    issn = {1476-069X},
    pmid = {19948053}
}

@article{CaravielloSecondNoseSystem,
    title = {{SecondNose : an Air Quality Mobile Crowdsensing System}},
    author = {Caraviello, Michele},
    pages = {1051--1054},
    isbn = {9781450325424},
    doi = {10.1145/2639189.2670273}
}

@article{Mun2009PEIRResearch,
    title = {{PEIR, the personal environmental impact report, as a platform for participatory sensing systems research}},
    year = {2009},
    journal = {MobiSys},
    author = {Mun, Min (Ucla) and Reddy, Sasank (Ucla) and Shilton, Katie and Yau, Nathan},
    pages = {55--68},
    url = {http://dl.acm.org/citation.cfm?id=1555823},
    isbn = {9781605585666},
    doi = {10.1145/1555816.1555823}
}

@article{Froehlich2009UbiGreen:Habits,
    title = {{UbiGreen: Investigating a Mobile Tool for Tracking and Supporting Green Transportation Habits}},
    year = {2009},
    journal = {Chi '09},
    author = {Froehlich, Jon and Dillahunt, Tawanna and Klasnja, Predrag and Mankoff, Jennifer and Consolvo, Sunny and Harrison, Beverly and Landay, James a.},
    pages = {1043--1052},
    url = {http://portal.acm.org/citation.cfm?doid=1518701.1518861{\textbackslash}npapers2://publication/livfe/id/51294},
    isbn = {9781605582467},
    doi = {10.1145/1518701.1518861}
}

@article{Forbes2010Behaviorism:Visualization,
    title = {{Behaviorism: a Framework for Dynamic Data Visualization}},
    year = {2010},
    journal = {Visualization and Computer Graphics, IEEE Transactions on},
    author = {Forbes, Angus Graeme and H{\"{o}}llerer, Tobias and Legrady, George},
    number = {6},
    pages = {1164--1171},
    volume = {16},
    url = {http://www.ncbi.nlm.nih.gov/pubmed/20975155},
    doi = {10.1109/TVCG.2010.126},
    issn = {1077-2626},
    pmid = {20975155},
    keywords = {Animation, Data models, Data visualization, Programming, Rendering (computer graphics), Streaming Data, Time-varying Data, Timing, Visual Design, Visualization, Visualization System and Toolkit Design (primary k, data visualisation, dynamic data visualization, high-performance 3D rendering, information art, information visualization software, rendering (computer graphics)}
}

@article{Polichetti2009EffectsSystem,
    title = {{Effects of particulate matter (PM10, PM2.5 and PM1) on the cardiovascular system}},
    year = {2009},
    journal = {Toxicology},
    author = {Polichetti, Giuliano and Cocco, Stefania and Spinali, Alessandra and Trimarco, Valentina and Nunziata, Alfredo},
    number = {1-2},
    pages = {1--8},
    volume = {261},
    isbn = {0300-483X},
    doi = {10.1016/j.tox.2009.04.035},
    issn = {0300483X},
    pmid = {19379789},
    keywords = {Air pollution, Cardiovascular disease (CVD), PM exposure, Particulate matter (PM), Short and long-term effects}
}

@article{Chen2016AAllergies,
    title = {{A Review ofMobile Apps for Improving Quality of Life of Asthmatic and People with Allergies}},
    year = {2016},
    journal = {Smart Innovation, Systems and Technologies},
    author = {Chen, Yen Wei and Torro, Carlos and Tanaka, Satoshi and Howlett, Robert J. and Jain, Lakhmi C.},
    pages = {51--64},
    volume = {45},
    isbn = {9783319230238},
    doi = {10.1007/978-3-319-23024-5},
    issn = {21903026},
    keywords = {airborne allergens, mobile pollen application, personal, smart-cities}
}

@article{Thinh2007State-of-the-ArtPublic,
    title = {{State-of-the-Art in the Dissemination of AQ Information to the General Public}},
    year = {2007},
    journal = {Environmental Informatics and Systems Research},
    author = {Thinh, Nguyen Xuan and Vogel, Rico},
    pages = {675--682},
    volume = {2007},
    isbn = {9783832263973},
    keywords = {analytic hierarchy process, arcgis extension, compromise programming, elbe river, flood risk management, gis, land, php web program, retention areas, suitability analysis}
}

@article{Koenig1999AirAsthma.,
    title = {{Air pollution and asthma.}},
    year = {1999},
    journal = {The Journal of allergy and clinical immunology},
    author = {Koenig, J Q},
    number = {4 Pt 1},
    pages = {717--22},
    volume = {104},
    url = {http://www.ncbi.nlm.nih.gov/pubmed/10518814},
    isbn = {0091-6749 (Print){\textbackslash}n0091-6749 (Linking)},
    doi = {10.1136/pgmj.70.823.319},
    issn = {0091-6749},
    pmid = {10518814},
    keywords = {Air Pollution, Air Pollution: adverse effects, Asthma, Asthma: drug therapy, Asthma: epidemiology, Asthma: etiology, Humans, Nitrogen Dioxide, Nitrogen Dioxide: adverse effects, Ozone, Ozone: adverse effects, Patient Admission, Prevalence, Respiratory Function Tests, Sulfur Dioxide, Sulfur Dioxide: adverse effects}
}

@article{EPA1996EPAPollution,
    title = {{EPA Asthma and Outdoor Air Pollution}},
    year = {1996},
    journal = {Thorax},
    author = {EPA, US},
    number = {5},
    pages = {556},
    volume = {51},
    doi = {10.1136/thx.51.5.556-c},
    issn = {0040-6376},
    keywords = {"asthma, air quality, health, outdoors, ozone, particle pollutiion}
}

@article{Sciences2012DevelopingUniversity,
    title = {{Developing quantitative tools for asthma forecast in London using weather and air quality Faculty of Medicine , Nursing and Health Sciences MONASH University}},
    year = {2012},
    author = {Sciences, Health}
}

@article{Steventon2014EffectControls.,
    title = {{Effect of a telephonic alert system (Healthy outlook) for patients with chronic obstructive pulmonary disease: a cohort study with matched controls.}},
    year = {2014},
    journal = {Journal of public health (Oxford, England)},
    author = {Steventon, Adam and Bardsley, Martin and Mays, Nicholas},
    pages = {1--9},
    url = {http://www.ncbi.nlm.nih.gov/pubmed/25012531},
    doi = {10.1093/pubmed/fdu042},
    issn = {1741-3850},
    pmid = {25012531},
    keywords = {copd, exacerbation, forecast, health promotion, patient admission, respiratory disorders, telehealth}
}

@article{Huckvale2012AppsTools.,
    title = {{Apps for asthma self-management: a systematic assessment of content and tools.}},
    year = {2012},
    journal = {BMC medicine},
    author = {Huckvale, Kit and Car, Mate and Morrison, Cecily and Car, Josip},
    number = {1},
    pages = {144},
    volume = {10},
    isbn = {1741701510144},
    doi = {10.1186/1741-7015-10-144},
    issn = {1741-7015},
    pmid = {23171675},
    keywords = {Asthma, Asthma: diagnosis, Asthma: therapy, Health Services Accessibility, Health Services Accessibility: statistics {\&} numeri, Health Services Research, Humans, Medical Informatics Applications, Self Care, Software}
}

@article{Pschl2005AtmosphericEffects,
    title = {{Atmospheric aerosols: Composition, transformation, climate and health effects}},
    year = {2005},
    journal = {Angewandte Chemie - International Edition},
    author = {P??schl, Ulrich},
    number = {46},
    pages = {7520--7540},
    volume = {44},
    isbn = {1433-7851{\textbackslash}n1521-3773},
    doi = {10.1002/anie.200501122},
    issn = {14337851},
    pmid = {16302183},
    keywords = {Aerosol particles, Atmospheric chemistry, Carbon, Reaction mechanisms, Water}
}

@article{Jarup2003HazardsContamination,
    title = {{Hazards of heavy metal contamination}},
    year = {2003},
    journal = {British Medical Bulletin},
    author = {J{\"{a}}rup, Lars},
    pages = {167--182},
    volume = {68},
    isbn = {0007-1420},
    doi = {10.1093/bmb/ldg032},
    issn = {00071420},
    pmid = {14757716}
}

@article{Giles2014ThePollution,
    title = {{The health effects of exercising in air pollution}},
    year = {2014},
    journal = {Sports Medicine},
    author = {Giles, Luisa V. and Koehle, Michael S.},
    number = {2},
    pages = {223--249},
    volume = {44},
    isbn = {1179-2035},
    doi = {10.1007/s40279-013-0108-z},
    issn = {01121642},
    pmid = {24174304}
}

@article{Pascal2013AssessingProject,
    title = {{Assessing the public health impacts of urban air pollution in 25 European cities: Results of the Aphekom project}},
    year = {2013},
    journal = {Science of the Total Environment},
    author = {Pascal, M. and Corso, M. and Chanel, O. and Declercq, C. and Badaloni, C. and Cesaroni, G. and Henschel, S. and Meister, K. and Haluza, D. and Martin-Olmedo, P. and Medina, S.},
    number = {2007105},
    pages = {390--400},
    volume = {449},
    publisher = {Elsevier B.V.},
    url = {http://dx.doi.org/10.1016/j.scitotenv.2013.01.077},
    isbn = {0048-9697},
    doi = {10.1016/j.scitotenv.2013.01.077},
    issn = {00489697},
    pmid = {23454700},
    keywords = {Air pollution, Ozone, Particulate matter, Public health}
}

@article{Henschel2012AirHealth.,
    title = {{Air pollution interventions and their impact on public health.}},
    year = {2012},
    journal = {Int J Public Health},
    author = {Henschel, Susann and Atkinson, Richard and Zeka, Ariana and Le Tertre, Alain and Analitis, Antonis and Katsouyanni, Klea and Chanel, Olivier and Pascal, Mathilde and Forsberg, Bertil and Medina, Sylvia and Goodman, Patrick G},
    number = {5},
    pages = {757--68},
    volume = {57},
    url = {http://dx.doi.org/10.1007/s00038-012-0369-6{\textbackslash}nhttp://www.ncbi.nlm.nih.gov/pubmed/22592907},
    doi = {10.1007/s00038-012-0369-6},
    issn = {1661-8564},
    pmid = {22592907},
    keywords = {Air Pollution, Air Pollution: analysis, Air Pollution: prevention {\&} control, Asia, Asia: epidemiology, Environmental Exposure, Environmental Exposure: analysis, Environmental Exposure: prevention {\&} control, Environmental Mo, Environmental Monitoring, Environmental Monitoring: statistics {\&} numerical d, Europe, Europe: epidemiology, Humans, Intervention Studies, Longi, Longitudinal Studies, Public Health, Public Health: statistics {\&} numerical data, United States, United States: epidemiology, analysis/prevention /{\&}/ control, epidemiology, statistics /{\&}/ numerical data}
}

@article{Samoli2006Short-termProject,
    title = {{Short-term effects of nitrogen dioxide on mortality: An analysis within the APHEA project}},
    year = {2006},
    journal = {European Respiratory Journal},
    author = {Samoli, E. and Aga, E. and Touloumi, G. and Nisiotis, K. and Forsberg, B. and Lefranc, A. and Pekkanen, J. and Wojtyniak, B. and Schindler, C. and Niclu, E. and Brunstein, R. and Fikfak, M. Dodič and Schwartz, J. and Katsouyanni, K.},
    number = {6},
    pages = {1129--1137},
    volume = {27},
    doi = {10.1183/09031936.06.00143905},
    issn = {09031936},
    pmid = {16540496},
    keywords = {Air pollution, Heterogeneity, Modelling, Mortality, Nitrogen dioxide}
}

@article{Brook2010ParticulateAssociation,
    title = {{Particulate matter air pollution and cardiovascular disease: An update to the scientific statement from the american heart association}},
    year = {2010},
    journal = {Circulation},
    author = {Brook, Robert D. and Rajagopalan, Sanjay and Pope, C. Arden and Brook, Jeffrey R. and Bhatnagar, Aruni and Diez-Roux, Ana V. and Holguin, Fernando and Hong, Yuling and Luepker, Russell V. and Mittleman, Murray A. and Peters, Annette and Siscovick, David and Smith, Sidney C. and Whitsel, Laurie and Kaufman, Joel D.},
    number = {21},
    pages = {2331--2378},
    volume = {121},
    isbn = {0009-7322},
    doi = {10.1161/CIR.0b013e3181dbece1},
    issn = {00097322},
    pmid = {20458016},
    keywords = {AHA Scientific Statements, Air pollution, Atherosclerosis, Epidemiology, Prevention, Public policy}
}

@article{WorldHealthOrganization2006WHOAssessment,
    title = {{WHO Air quality guidelines for particulate matter, ozone, nitrogen dioxide and sulfur dioxide: global update 2005: summary of risk assessment}},
    year = {2006},
    journal = {Geneva: World Health Organization},
    author = {{World Health Organization}},
    pages = {1--22},
    url = {http://whqlibdoc.who.int/hq/2006/WHO{\_}SDE{\_}PHE{\_}OEH{\_}06.02{\_}eng.pdf?ua=1},
    isbn = {92 890 2192 6},
    doi = {10.1016/0004-6981(88)90109-6},
    issn = {0378-2255},
    pmid = {11372513},
    keywords = {Air pollution, Particulate Matter, Risk assessment, ozone}
}

@article{WHO2003HealthDioxide,
    title = {{Health Aspects of Air Pollution with Particulate Matter , Ozone and Nitrogen Dioxide}},
    year = {2003},
    journal = {Report on a WHO Working Group Bonn, Germany 13–15 January 2003},
    author = {{WHO}},
    number = {January},
    pages = {98},
    url = {http://www.euro.who.int/{\_}{\_}data/assets/pdf{\_}file/0005/112199/E79097.pdf},
    isbn = {9289013737},
    doi = {10.2105/AJPH.48.7.913},
    issn = {0002-9572},
    pmid = {13545455}
}

@article{AirQualityExpertGroup2004NitrogenKingdom,
    title = {{Nitrogen Dioxide in the United Kingdom}},
    year = {2004},
    journal = {Defra},
    author = {{Air Quality Expert Group}},
    pages = {20},
    url = {http://archive.defra.gov.uk/environment/quality/air/airquality/publications/nitrogen-dioxide/nd-summary.pdf},
    isbn = {PB 9025},
    keywords = {NOX, nitrogen dioxide, nitrogen monoxide, traffic}
}