// CCG Reports

@book{Steedman:2000,
 author = {Steedman, Mark},
 title = {{The syntactic process}},
 year = {2000},
 isbn = {0-262-19420-1},
 publisher = {MIT Press},
 address = {Cambridge, MA, USA},
}

@PhdThesis{Caki:09,
  author =  {\c{C}ak\i{c}\i, Ruket},
  title =  {Parser Models for a Highly Inflected Language},
  school = {University of Edinburgh, UK},
  year =  {2009},
}

@book{Ambati:2011,
 author = {Bharat Ram Ambati},
 title = {{Hindi Dependency Parsing and Treebank Validation}},
 year = {2011},
 publisher = {Master's Thesis, International Institute of Information Technology - Hyderabad, India},
}

@PhdThesis{Baldridge:2002,
  author={Jason M. Baldridge},
  title={{Lexically Specified Derivational Control in Combinatory Categorial Grammar}},
  year={2002},
  school = {University of Edinburgh, UK},
}

@article{Hockenmaier:2007,
 author = {Hockenmaier, Julia and Steedman, Mark},
 title = {{CCGbank: A Corpus of CCG Derivations and Dependency Structures Extracted from the Penn Treebank}},
 journal = {Computational Linguistics},
 issue_date = {September 2007},
 volume = {33},
 number = {3},
 month = sep,
 year = {2007},
 issn = {0891-2017},
 pages = {355--396},
 numpages = {42},
 //commentpublisher = {MIT Press},
 //commentaddress = {Cambridge, MA, USA},
}

@inproceedings{Ruken:2005,
 author = {\c{C}ak\i{c}\i, Ruken},
 title = {{Automatic induction of a CCG grammar for Turkish}},
 booktitle = {Proceedings of Student Research Workshop, 43rd Annual Meeting of the ACL},
 //commentpublisher = {Association for Computational Linguistics},
 year = {2005},
 pages = {73--78}
}

@inproceedings{Hockenmaier:2006,
 author = {Hockenmaier, Julia},
 title = {{Creating a CCGbank and a wide-coverage CCG lexicon for German}},
 booktitle = {Proceedings of the 21st International Conference on Computational Linguistics and the 44th annual meeting of the Association for Computational Linguistics},
 series = {ACL-44},
 year = {2006},
 address = {Sydney, Australia},
 pages = {505--512},
 numpages = {8},
 url = {http://dx.doi.org/10.3115/1220175.1220239},
 doi = {10.3115/1220175.1220239},
 acmid = {1220239},
 //commentpublisher = {Association for Computational Linguistics},
 //commentaddress = {Stroudsburg, PA, USA},
}

@inproceedings{BosBoscoMazzei2009TLT:2009,
   title     = {{Converting a Dependency Treebank to a Categorial Grammar Treebank for Italian}},
   author    = {Bos, Johan and Bosco, Cristina and Mazzei, Alessandro},
   booktitle = {Proceedings of the Eighth International Workshop on Treebanks and Linguistic Theories (TLT8)},
   editor    = {Passarotti, M. and Przepi{\'o}rkowski, Adam and Raynaud, S. and Van Eynde, Frank},
   address   = {Milan, Italy},
   pages     = {27--38},
   year      = {2009}
}

@inproceedings{Tse-et-al:2010,
 author = {Tse, Daniel and Curran, James R.},
 title = {{Chinese CCGbank: extracting CCG derivations from the Penn Chinese Treebank}},
 booktitle = {Proceedings of the 23rd International Conference on Computational Linguistics},
 series = {COLING '10},
 year = {2010},
 address = {Beijing, China},
 pages = {1083--1091},
 numpages = {9},
 url = {http://dl.acm.org/citation.cfm?id=1873781.1873903},
 acmid = {1873903},
 //commentpublisher = {Association for Computational Linguistics},
 //commentaddress = {Stroudsburg, PA, USA},
} 

@inproceedings{Uematsu-et-al:2013,
 author = {Sumire Uematsu and Takuya Matsuzaki and Hiroki Hanaoka and Yusuke Miyao and Hideki Mima},
 title = {Integrating Multiple Dependency Corpora for Inducing Wide-coverage Japanese CCG Resources},
 booktitle = {Proceedings of the 51st Annual Meeting on Association for Computational Linguistics (Accepted)},
 series = {ACL},
 year = {2013},
} 

// CCG Parsing

@inproceedings{Hockenmaier:2002,
 author = {Hockenmaier, Julia and Steedman, Mark},
 title = {{Generative models for statistical parsing with Combinatory Categorial Grammar}},
 booktitle = {Proceedings of the 40th Annual Meeting on Association for Computational Linguistics},
 series = {ACL '02},
 year = {2002},
 address = {Philadelphia, Pennsylvania},
 pages = {335--342},
 numpages = {8},
 //url = {http://dx.doi.org/10.3115/1073083.1073139},
 //doi = {10.3115/1073083.1073139},
 //acmid = {1073139},
 //commentpublisher = {Association for Computational Linguistics},
 //commentaddress = {Stroudsburg, PA, USA},
} 

@inproceedings{Clark-et-al:2002,
  author    = {Stephen Clark and
               Julia Hockenmaier and
               Mark Steedman},
  title     = {Building Deep Dependency Structures using a Wide-Coverage CCG Parser},
  booktitle = {ACL},
  year      = {2002},
  pages     = {327-334},
  //ee        = {http://www.aclweb.org/anthology/P02-1042.pdf},
  //crossref  = {DBLP:conf/acl/2002},
  //bibsource = {DBLP, http://dblp.uni-trier.de}
}

@ARTICLE{ClarkNCurran07,
    author = {Stephen Clark and James R. Curran},
    title = {Wide-coverage efficient statistical parsing with CCG and log-linear models},
    journal = {Computational Linguistics},
    year = {2007},
    volume = {33}
}

@InProceedings{zhang-clark:2011,
  author    = {Zhang, Yue  and  Clark, Stephen},
  title     = {{Shift-Reduce CCG Parsing}},
  booktitle = {Proceedings of the 49th Annual Meeting of the Association for Computational Linguistics: Human Language Technologies},
  month     = {June},
  year      = {2011},
  address   = {Portland, Oregon, USA},
  //commentpublisher = {Association for Computational Linguistics},
  pages     = {683--692},
  url       = {http://www.aclweb.org/anthology/P11-1069}
}

@inproceedings{Clark04,
    author = {Stephen Clark and James R. Curran},
    title = {{The importance of supertagging for wide-coverage CCG parsing}},
    booktitle = {Proceedings of COLING-04},
    year = {2004},
    pages = {282--288},
    //commentpublisher = {}
}

@inproceedings{Clark02,
    author = {Stephen Clark},
    title = {{Supertagging for Combinatory Categorial Grammar}},
    booktitle = {Proceedings of the 6th International Workshop on Tree Adjoining Grammars and Related Frameworks (TAG+6)},
    year = {2002},
    pages = {19-24},
    //commentpublisher = {}
}


//Hindi Reports

@inproceedings{begum-et-al:08,
 author = {Rafiya Begum and Samar Husain and Arun Dhwaj and Dipti Misra Sharma and Lakshmi Bai and Rajeev Sangal},
 title = {{Dependency annotation scheme for Indian languages}},
 booktitle = {Proceedings of The Third International Joint Conference on Natural Language Processing (IJCNLP)},
 year = {2008},
 pages = {},
 address = {Hyderabad, India},
 }

@inproceedings{bhatt09,
 author = {Bhatt, Rajesh and Narasimhan, Bhuvana and Palmer, Martha and Rambow, Owen and Sharma, Dipti Misra and Xia, Fei},
 title = {{A multi-representational and multi-layered treebank for Hindi/Urdu}},
 booktitle = {Proceedings of the Third Linguistic Annotation Workshop at 47th ACL and 4th IJCNLP},
 year = {2009},
 isbn = {978-1-932432-52-7},
 pages = {186--189},
 address = {Suntec, Singapore},
 //commentpublisher = {Association for Computational Linguistics},
 }

@article{bharati-et-al:95,
  author =   {Akshar Bharati and Vineet Chaitanya and Rajeev Sangal},
  title =    {{Natural Language Processing: A Paninian Perspective}},
  journal =  {Prentice-Hall of India},
  pages =    {65-106},
  year =     {1995},
  url =      {http:://ltrc.iiit.ac.in/downloads/nlpbook/nlp-panini.pdf}
}

@inproceedings{bharati-et-al:06,
 author = {Akshar Bharati and Rajeev Sangal and Dipti Misra Sharma and Lakshmi Bai},
 title = {{AnnCorra: Annotating Corpora Guidelines for POS and Chunk Annotation for Indian Languages}},
 booktitle = {Technical Report (TR-LTRC-31), LTRC, IIIT-Hyderabad},
 year = {2006},
 pages = {},
 address = {},
 }

@inproceedings{bharati-et-al:07,
 author = {Akshar Bharati and Rajeev Sangal and Dipti Misra Sharma},
 title = {{SSF: Shakti Standard Format Guide}},
 booktitle = {Technical Report (TR-LTRC-33), LTRC, IIIT-Hyderabad},
 year = {2007},
 pages = {},
 address = {},
 }

@inproceedings{bharati-et-al:09a,
 author = {Akshar Bharati and Dipti Misra Sharma and Samar Husain and Lakshmi Bai and Rafiya Begum and Rajeev Sangal},
 title = {{AnnCorra: TreeBanks for Indian Languages, Guidelines for Annotating Hindi TreeBank (version â€“ 2.0)}},
 booktitle = {},
 year = {2009},
 pages = {},
 address = {http://ltrc.iiit.ac.in/MachineTrans/research/tb/DS-guidelines/DS-guidelines-ver2-28-05-09.pdf},
 }

//Hindi Parsing

@inproceedings{husain:09,
 author = {Samar Husain},
 title = {{Dependency Parsers for Indian Languages}},
 booktitle = {Proceedings of the ICON09 NLP Tools Contest: Indian Language Dependency Parsing},
 year = {2009},
 pages = {},
 address = {India},
 }

@inproceedings{husain-et-al:2010,
 author = {Samar Husain and Prashanth Mannem and Bharat Ram Ambati and Phani Gadde},
 title = {{The ICON-2010 Tools Contest on Indian Language Dependency Parsing}},
 booktitle = {Proceedings of ICON-2010 Tools Contest on Indian Language Dependency Parsing},
 year = {2010},
 pages = {},
 address = {Kharagpur, India},
 }

@inproceedings{bharati-et-al:2012,
 author = {Akshar Bharati and Prashanth Mannem and Dipti Misra Sharma},
 title = {{Hindi Parsing Shared Task}},
 booktitle = {Proceedings of Coling Workshop on Machine Translation and Parsing in Indian Languages},
 year = {2012},
 pages = {},
 address = {Kharagpur, India},
 }

@INPROCEEDINGS{bharati-et-al:08b,
    author = {Akshar Bharati and Samar Husain and Dipti M Sharma and Rajeev Sangal},
    title = {{A Two-Stage Constraint Based Dependency Parser for Free Word Order Languages}},
    booktitle = {Proceedings of the COLIPS International Conference on Asian Language Processing (IALP)},
    year = {2008},
    address = {Chiang Mai, Thailand},
}


@InProceedings{bharati-et-al:09b,
  author    = {Bharati, Akshar  and  Husain, Samar  and  Misra, Dipti  and Sangal, Rajeev},
  title     = {{Two stage constraint based hybrid approach to free word order language dependency parsing}},
  booktitle = {Proceedings of the 11th International Conference on Parsing Technologies (IWPT'09)},
  month     = {October},
  year      = {2009},
  address   = {Paris, France},
  //commentpublisher = {Association for Computational Linguistics},
  pages     = {77--80},
  url       = {http://www.aclweb.org/anthology/W09-3812}
}

@inproceedings{bharati-et-al:09c,
 author = {Akshar Bharati and Samar Husain and Meher Vijay and Kalyan Deepak and Dipti Misra Sharma and Rajeev Sangal},
 title = {{Constraint Based Hybrid Approach to Parsing Indian Languages}},
 booktitle = {Proceedings of The 23rd Pacific Asia Conference on Language, Information and Computation (PACLIC 23)},
 year = {2009},
 pages = {},
 address = {Hong Kong},
 }

// Incremental Parsing

@article{SturtNLombardo:2005,
  author    = {Patrick Sturt and
               Vincenzo Lombardo},
  title     = {Processing Coordinated Structures: Incrementality and Connectedness},
  journal   = {Cognitive Science},
  volume    = {29},
  number    = {2},
  year      = {2005},
  pages     = {291-305},
  ee        = {http://dx.doi.org/10.1207/s15516709cog0000_8},
  bibsource = {DBLP, http://dblp.uni-trier.de}
}

@article{Marslen-Wilson:1973,
    author = {Marslen-Wilson, W.},
    title = {{Linguistic structure and speech shadowing at very short latencies}},
    journal = {Nature.},
    volume = {244},
    year = {1973},
    pages = {522-533},
}

@InProceedings{zhang-nivre:2011,
  author    = {Zhang, Yue  and  Nivre, Joakim},
  title     = {Transition-based Dependency Parsing with Rich Non-local Features},
  booktitle = {Proceedings of the 49th Annual Meeting of the Association for Computational Linguistics: Human Language Technologies},
  month     = {June},
  year      = {2011},
  address   = {Portland, Oregon, USA},
  //publisher = {Association for Computational Linguistics},
  pages     = {188--193},
  //url       = {http://www.aclweb.org/anthology/P11-2033}
}

@inproceedings{Hassan-et-al:09,
 author = {Hany Hassan and Khalil Sima'an and Andy Way},
 title = {{Lexicalized Semi-Incremental Dependency Parsing}},
 booktitle = {proceedings Recent Advances in NLP (RANLP'09)},
 year = {2009},
 address = {Borovets, Bulgaria},
 //commentpublisher = {Association for Computational Linguistics},
 //commentaddress = {Morristown, NJ, USA},
 }

@inproceedings{Collins:2004,
 author = {Collins, Michael and Roark, Brian},
 title = {Incremental parsing with the perceptron algorithm},
 booktitle = {Proceedings of the 42nd Annual Meeting on Association for Computational Linguistics},
 series = {ACL '04},
 year = {2004},
 location = {Barcelona, Spain},
 //articleno = {111},
 //url = {http://dx.doi.org/10.3115/1218955.1218970},
 //doi = {10.3115/1218955.1218970},
 //acmid = {1218970},
 //publisher = {Association for Computational Linguistics},
 //address = {Stroudsburg, PA, USA},
} 

@inproceedings{Collins:2002,
 author = {Collins, Michael},
 title = {Discriminative training methods for hidden Markov models: theory and experiments with perceptron algorithms},
 booktitle = {Proceedings of the conference on Empirical methods in natural language processing},
 series = {EMNLP '02},
 year = {2002},
 pages = {1--8},
 numpages = {8},
}

@INPROCEEDINGS{Collins97,
    author = {Michael Collins},
    title = {Three Generative, Lexicalised Models for Statistical Parsing},
    booktitle = {In Proceedings of the 35th Annual Meeting of the Association for Computational Linguistics},
    year = {1997},
    pages = {16--23}
}

@INPROCEEDINGS{Collins96,
    author = {Michael Collins},
    title = {A new statistical parser based on bigram lexical dependencies},
    booktitle = {In Proceedings of the 34th Annual Meeting of the Association for Computational Linguistics},
    year = {1996},
    pages = {184â€“191}
}

@InProceedings{foster-et-al:2011,
  author    = {Foster, Jennifer  and  Cetinoglu, Ozlem  and  Wagner, Joachim  and  Le Roux, Joseph  and  Nivre, Joakim  and  Hogan, Deirdre  and  van Genabith, Josef},
  title     = {From News to Comment: Resources and Benchmarks for Parsing the Language of Web 2.0},
  booktitle = {Proceedings of 5th International Joint Conference on Natural Language Processing},
  month     = {November},
  year      = {2011},
  address   = {Chiang Mai, Thailand},
  publisher = {Asian Federation of Natural Language Processing},
  pages     = {893--901},
  url       = {http://www.aclweb.org/anthology/I11-1100}
}

// My Parsing References

@inproceedings{ambati:10,
 author = {Ambati, Bharat Ram},
 title = {{Importance of linguistic constraints in statistical dependency parsing}},
 booktitle = {Proceedings of the ACL 2010 Student Research Workshop},
 year = {2010},
 month = {July},
 pages = {103--108},
 address = {Uppsala, Sweden},
 //commentpublisher = {Association for Computational Linguistics},
 //commentaddress = {Morristown, NJ, USA},
 }

@InProceedings{ambati-et-al:10a,
  author    = {Ambati, Bharat Ram  and  Husain, Samar  and  Jain, Sambhav  and  Sharma, Dipti Misra  and  Sangal, Rajeev},
  title     = {{Two Methods to Incorporate 'Local Morphosyntactic' Features in Hindi Dependency Parsing}},
  booktitle = {Proceedings of the NAACL HLT 2010 First Workshop on Statistical Parsing of Morphologically-Rich Languages},
  month     = {June},
  year      = {2010},
  address   = {Los Angeles, CA, USA},
  //commentpublisher = {Association for Computational Linguistics},
  pages     = {22--30},
  url       = {http://www.aclweb.org/anthology/W10-1403}
}

@InProceedings{ambati-et-al:10b,
  author    = {Ambati, Bharat Ram  and  Husain, Samar  and  Nivre, Joakim  and  Sangal, Rajeev},
  title     = {{On the Role of Morphosyntactic Features in Hindi Dependency Parsing}},
  booktitle = {Proceedings of the NAACL HLT 2010 First Workshop on Statistical Parsing of Morphologically-Rich Languages},
  month     = {June},
  year      = {2010},
  address   = {Los Angeles, CA, USA},
  //commentpublisher = {Association for Computational Linguistics},
  pages     = {94--102},
  url       = {http://www.aclweb.org/anthology/W10-1411}
}

@inproceedings{ambati-et-al-09a,
 author = {Bharat Ram Ambati and Phani Gadde and Karan Jindal},
 title = {{Experiments in Indian Language Dependency Parsing}},
 booktitle = {Proceedings of the ICON09 NLP Tools Contest: Indian Language Dependency Parsing},
 year = {2009},
 pages = {32--37},
 address = {},
 }

@inproceedings{ambati-et-al-09b,
 author = {Bharat Ram Ambati and Pujitha Gade and Chaitanya GSK and Samar Husain},
 title = {{Effect of Minimal Semantics on Dependency Parsing}},
 booktitle = {Proceedings of the RANLP09 Student Research Workshop},
 year = {2009},
 pages = {},
 address = {},
 }

@INPROCEEDINGS{bharati-et-al:08a,
    author = {Akshar Bharati and Samar Husain and Bharat Ambati and Sambhav Jain and Dipti M Sharma and Rajeev Sangal},
    title = {{Two semantic features make all the difference in Parsing accuracy}},
    booktitle = {Proceedings of the 6th International Conference On Natural Language Processing (ICON)},
    year = {2008},
    //commentpublisher = {Macmillan //commentpublishers India Ltd.},
    pages = {11--19},
    address = {Pune, India},
}

// My Error detection References

@InProceedings{ambati-et-al:10c,
  author    = {Bharat Ram Ambati and Mridul Gupta and Samar Husain and Dipti Misra Sharma},
  title     = {{A high recall error identification tool for Hindi treebank validation}},
  booktitle = {Proceedings of the Seventh conference on International Language Resources and Evaluation (LREC'10)},
  month     = {May},
  year      = {2010},
  address   = {Malta},
  //commentpublisher = {European Language Resources Association (ELRA)},
  pages     = {682--686},
}

// Parsing References

@inproceedings{attardi:08,
 author = {Giuseppe Attardi and Felice Dellâ€™Orletta},
 title = {{Chunking and Dependency Parsing}},
 booktitle = {LREC Workshop on Partial Parsing: Between Chunking and Deep Parsing},
 year = {2008},
 pages = {},
 address = {Marrakech, Morocco},
 }

@INPROCEEDINGS{avinesh:07,
    author = {PVS Avinesh and Karthik Gali},
    title = {{Part-Of-Speech Tagging and Chunking using Conditional Random Fields and Transformation Based Learning}},
    booktitle = {IJCAI-07 Workshop on Shallow Parsing in South Asian Languages},
    year = {2007}
}

@inproceedings{black-et-al:92,
 author = {Black, Ezra and Jelinek, Fred and Lafferty, John and Magerman, David M. and Mercer, Robert and Roukos, Salim},
 title = {{Towards history-based grammars: using richer models for probabilistic parsing}},
 booktitle = {Proceedings of the workshop on Speech and Natural Language},
 year = {1992},
 isbn = {1-55860-272-0},
 pages = {134--139},
 address = {Harriman, New York},
 doi = {http://dx.doi.org/10.3115/1075527.1075557},
 //commentpublisher = {Association for Computational Linguistics},
 //address = {Morristown, NJ, USA},
 }

@INPROCEEDINGS{Brants02,
    author = {Sabine Brants and Stefanie Dipper and Silvia Hansen and Wolfgang Lezius and George Smith},
    title = {{The TIGER Treebank}},
    year = {2002},
    booktitle = {Proceedings of the First Workshop on Treebanks 
                  and Linguistic Theories (TLT 2002)},
    address= {Sozopol, Bulgaria}
}

@inproceedings{buchholz-marsi,
 author = {Buchholz, Sabine and Marsi, Erwin},
 title = {{CoNLL-X shared task on multilingual dependency parsing}},
 booktitle = {Proceedings of the Tenth Conference on Computational Natural Language Learning},
 year = {2006},
 pages = {149--164},
 address = {New York City, New York},
 //commentpublisher = {Association for Computational Linguistics},
 //address = {Morristown, NJ, USA},
 }


@article{boyd-et-al:08,
  author =   {Adriane Boyd and Markus Dickinson and Detmar Meurers},
  title =    {{On Detecting Errors in Dependency Treebanks}},
  journal =  {Research on Language and Computation},
  volume =   {6},
  number =   {2},
  pages =    {113--137},
  year =     {2008},
  url =      {http://decca.osu.edu/publications/boyd-et-al-08.html}
}

@inproceedings{dickinson03a,
 author = {Dickinson, Markus and Meurers, W. Detmar},
 title = {{Detecting errors in part-of-speech annotation}},
 booktitle = {Proceedings of the tenth conference on European chapter of the Association for Computational Linguistics},
 year = {2003},
 isbn = {1-333-56789-0},
 pages = {107--114},
 address = {Budapest, Hungary},
 doi = {http://dx.doi.org/10.3115/1067807.1067823},
 //commentpublisher = {Association for Computational Linguistics},
 //address = {Morristown, NJ, USA},
 }

@InProceedings{dickinson03b,
  author =       {Markus Dickinson and W. Detmar Meurers},
  title =        {{Detecting Inconsistencies in Treebanks}},
  booktitle =    {Proceedings of the Second Workshop on Treebanks 
                  and Linguistic Theories (TLT 2003)},
  address =      {V\"{a}xj\"{o}, Sweden},
  url = {http://ling.osu.edu/~dm/papers/dickinson-meurers-tlt03.html},
  pages =        {45--56},
  year =         {2003}
}

@inproceedings{dickinson05,
 author = {Dickinson, Markus and Meurers, W. Detmar},
 title = {{Detecting errors in discontinuous structural annotation}},
 booktitle = {Proceedings of the 43rd Annual Meeting on Association for Computational Linguistics},
 year = {2005},
 pages = {322--329},
 address = {Ann Arbor, Michigan},
 doi = {http://dx.doi.org/10.3115/1219840.1219880},
 //commentpublisher = {Association for Computational Linguistics},
 //address = {Morristown, NJ, USA},
 }

@inproceedings{de-Kok,
 author = {Daniel de Kok and Jianqiang Ma and Gertjan van Noord},
 title = {{A generalized method for iterative error mining in parsing results}},
 booktitle = {Proceedings of  Workshop on Grammar Engineering Across Frameworks (GEAF 2009), 47th ACL and 4th IJCNLP},
 year = {2009},
 isbn = {978-1-932432-49-7},
 pages = {71--79},
 address = {Suntec, Singapore},
 //commentpublisher = {Association for Computational Linguistics},
 }

@inproceedings{dai-et-al:09,
 author = {Dai, Qifeng and Chen, Enhong and Shi, Liu},
 title = {{An iterative approach for joint dependency parsing and semantic role labeling}},
 booktitle = {CoNLL '09: Proceedings of the Thirteenth Conference on Computational Natural Language Learning},
 year = {2009},
 isbn = {978-1-932432-29-9},
 pages = {19--24},
 address = {Boulder, Colorado},
 //commentpublisher = {Association for Computational Linguistics},
 //address = {Morristown, NJ, USA},
 }

@inproceedings{eskin,
 author = {E. Eskin},
 title = {{Automatic Corpus Correction with Anomaly Detection}},
 booktitle = {Proceedings of the First Conference of the North American Chapter of the Association for Computational Linguistics (NAACL-00)},
 year = {2000},
 pages = {},
 address = {Seattle, Washington},
 }

@inproceedings{gadde-et-al:10,
 author = {Gadde, Phani and Jindal, Karan and Husain, Samar and Sharma, Dipti Misra and Sangal, Rajeev},
 title = {{Improving data driven dependency parsing using clausal information}},
 booktitle = {Human Language Technologies: The 2010 Annual Conference of the North American Chapter of the Association for Computational Linguistics},
 year = {2010},
 isbn = {1-932432-65-5},
 pages = {657--660},
 address = {Los Angeles, California},
 //commentpublisher = {Association for Computational Linguistics},
 //address = {Morristown, NJ, USA},
 }

@inproceedings{husain-et-al:09,
 author = {Samar Husain and Phani Gadde and Bharat Ambati and Dipti Misra Sharma and Rajeev Sangal},
 title = {{A modular cascaded approach to complete parsing}},
 booktitle = {Proceedings of the COLIPS International Conference on Asian Language Processing 2009 (IALP)},
 year = {2009},
 pages = {},
 address = {Singapore},
 }

@inproceedings{Kaljurand,
 author = {K. Kaljurand},
 year = {2004},
 title = {Checking treebank consistency to find annotation errors},
 address = {http://math.ut.ee/Ëœkaarel/NLP/Programs/Treebank/ConsistencyChecking/},
}

@InProceedings{kordoni,
      AUTHOR = {Kordoni, Valia},
      TITLE = {Strategies for annotation of large corpora of multilingual spontaneous speech data},
      YEAR = {2003},
      BOOKTITLE = {Proccedings of the Workshop on Multilingual Corpora: Linguistic Requirements and Technical Perspectives},
      PAGES = {53-57},
      //EDITOR = {Hansen-Schirra, Silvia and Neumann, Stella},
      address = {Lancaster, UK},
      //ORGANIZATION = {Corpus Linguistics 2003},
      URL = {http://www.coli.uni-sb.de/muco03/Proceedings.htm},
      //ABSTRACT = {Kordoni:2003:SAL}
} 

@ARTICLE{marcus93,
    author = {Mitchell P. Marcus and Beatrice Santorini and Mary Ann Marcinkiewicz},
    title = {Building a Large Annotated Corpus of English: The Penn Treebank},
    journal = {Computational Linguistics},
    year = {1993},
    volume = {19},
    number = {2},
    pages = {313--330}
}

@inproceedings{mcdonald06,
 author = {McDonald, Ryan and Lerman, Kevin and Pereira, Fernando},
 title = {Multilingual dependency analysis with a two-stage discriminative parser},
 booktitle = {Proceedings of the Tenth Conference on Computational Natural Language Learning (CoNLL-X)},
 year = {2006},
 pages = {216--220},
 address = {New York City, New York},
 //commentpublisher = {Association for Computational Linguistics},
 //address = {Morristown, NJ, USA},
 }

@inproceedings{mcdonald05,
 author = {McDonald, Ryan and Crammer, Koby and Pereira, Fernando},
 title = {Online large-margin training of dependency parsers},
 booktitle = {Proceedings of the 43rd Annual Meeting on Association for Computational Linguistics},
 year = {2005},
 pages = {91--98},
 address = {Ann Arbor, Michigan},
 doi = {http://dx.doi.org/10.3115/1219840.1219852},
 //commentpublisher = {Association for Computational Linguistics},
 //address = {Morristown, NJ, USA},
 }

@inproceedings{mcdonald05b,
 author = {McDonald, Ryan and Pereira, Fernando and Ribarov, Kiril and Haji\v{c}, Jan},
 title = {Non-projective dependency parsing using spanning tree algorithms},
 booktitle = {Proceedings of the conference on Human Language Technology and Empirical Methods in Natural Language Processing},
 year = {2005},
 pages = {523--530},
 address = {Vancouver, British Columbia, Canada},
 doi = {http://dx.doi.org/10.3115/1220575.1220641},
 //commentpublisher = {Association for Computational Linguistics},
 //address = {Morristown, NJ, USA},
 }

@INPROCEEDINGS{mcdonald07,
    author = {Ryan Mcdonald and Joakim Nivre},
    title = {Characterizing the errors of data-driven dependency parsing models},
    booktitle = {Proceedings of the Conference on Empirical Methods in Natural Language Processing and Natural Language Learning},
    year = {2007}
}

@INPROCEEDINGS{nivre-et-al:06a,
    author = {Joakim Nivre and Jens Nilsson and Johan Hall},
    title = {Talbanken05: A Swedish treebank with phrase structure and dependency annotation},
    booktitle = {Proceedings of the fifth international conference on Language Resources and Evaluation (LREC-06)},
    year = {2006},
    pages = {24--26},
    address = {Genoa, Italy}
}

@INPROCEEDINGS{nivre-et-al:06b,
 author = {Nivre, Joakim and Hall, Johan and Nilsson, Jens and Eryi\v{g}it, G\"{u}l\c{s}en and Marinov, Svetoslav},
 title = {Labeled pseudo-projective dependency parsing with support vector machines},
 booktitle = {Proceedings of the Tenth Conference on Computational Natural Language Learning},
 series = {CoNLL-X '06},
 year = {2006},
 location = {New York City, New York},
 pages = {221--225},
 numpages = {5},
 //url = {http://dl.acm.org/citation.cfm?id=1596276.1596318},
 //acmid = {1596318},
 //publisher = {Association for Computational Linguistics},
 //address = {Stroudsburg, PA, USA},
}

@InProceedings{nivre-et-al:07a,
  author    = {Nivre, Joakim  and  Hall, Johan  and  K\"ubler, Sandra  and  McDonald, Ryan  and  Nilsson, Jens  and  Riedel, Sebastian  and  Yuret, Deniz},
  title     = {The {CoNLL} 2007 Shared Task on Dependency Parsing},
  booktitle = {Proceedings of the CoNLL Shared Task Session of EMNLP-CoNLL 2007},
  month     = {June},
  year      = {2007},
  address   = {Prague, Czech Republic},
  //commentpublisher = {Association for Computational Linguistics},
  pages     = {915--932},
  url       = {http://www.aclweb.org/anthology/D/D07/D07-1096}
}

@article{nivre-et-al:07b,
  author    = {Joakim Nivre and Johan Hall and Jens Nilsson and Atanas Chanev and G{\"u}lsen Eryigit and Sandra K{\"u}bler and Svetoslav Marinov and Erwin Marsi},
  title     = {MaltParser: A language-independent system for data-driven dependency parsing},
  journal   = {Natural Language Engineering},
  volume    = {13},
  number    = {2},
  year      = {2007},
  pages     = {95-135},
  ee        = {http://dx.doi.org/10.1017/S1351324906004505},
  bibsource = {DBLP, http://dblp.uni-trier.de}
}

@inproceedings{nivre-nilsson:05,
 author = {Nivre, Joakim and Nilsson, Jens},
 title = {Pseudo-projective dependency parsing},
 booktitle = {ACL '05: Proceedings of the 43rd Annual Meeting on Association for Computational Linguistics},
 year = {2005},
 pages = {99--106},
 address = {Ann Arbor, Michigan},
 doi = {http://dx.doi.org/10.3115/1219840.1219853},
 //commentpublisher = {Association for Computational Linguistics},
 //address = {Morristown, NJ, USA},
 }

@ARTICLE{palmer05,
    author = {Martha Palmer and Paul Kingsbury and Daniel Gildea},
    title = {The Proposition Bank: An Annotated Corpus of Semantic Roles},
    journal = {Computational Linguistics},
    year = {2005},
    volume = {31},
    pages = {71--106}
}

@InProceedings{riedel-et-al:06,
  author    = {Riedel, Sebastian  and  {\c C}ak{\i}c{\i}, Ruket  and  Meza-Ruiz, Ivan},
  title     = {Multi-lingual Dependency Parsing with Incremental Integer Linear Programming},
  booktitle = {Proceedings of the Tenth Conference on Computational Natural Language Learning (CoNLL-X)},
  month     = {June},
  year      = {2006},
  address   = {New York City},
  //commentpublisher = {Association for Computational Linguistics},
  pages     = {226--230},
  url       = {http://www.aclweb.org/anthology/W/W06/W06-2934}
}


@inproceedings{van-Halteren,
 author = {Hans van Halteren},
 title = {The Detection of Inconsistency in Manually Tagged Text},
 booktitle = {Proceedings of the 2nd Workshop on Linguistically Interpreted Corpora},
 year = {2000},
 pages = {},
 address = {Luxembourg},
 }

@inproceedings{vannoord,
  author    = {van Noord, Gertjan},
  title     = {Error Mining for Wide-Coverage Grammar Engineering},
  booktitle = {Proceedings of the 42nd Meeting of the Association for Computational Linguistics (ACL'04)},
  year      = 2004,
  month     = {July},
  address   = {Barcelona, Spain},
  pages     = {446--453},
  url       = {http://www.aclweb.org/anthology/P04-1057},
  doi       = {10.3115/1218955.1219012}
}

@inproceedings{xia-et-al-09,
    author = {Fei Xia and Owen Rambow and Rajesh Bhatt and Martha Palmer and Dipti Misra Sharma},
    title = {Towards a Multi-Representational Treebank},
    booktitle = {Proceedings of the 7th International Workshop on Treebanks and Linguistic Theories (TLT 2009)},
    year = {2009},
    address = {Groningen, Netherlands},
}

@ARTICLE{chu-liu:65,
    author = {Y.J. Chu and T.H. Liu},
    title = {On the shortest arborescence of a directed graph},
    journal = {Science Sinica},
    year = {1965},
    volume = {14},
    pages = {1396--1400}
}

@ARTICLE{Edmonds:67,
    author = {J. Edmonds},
    title = {Optimum branchings},
    journal = {Journal of Research of the National Bureau of Standards},
    year = {1967},
    volume = {71B},
    pages = {233--240}
}

@inproceedings{Eisner:96,
 author = {Eisner, Jason M.},
 title = {Three new probabilistic models for dependency parsing: an exploration},
 booktitle = {Proceedings of the 16th International Conference on Computational Linguistics (COLING-96)},
 year = {1996},
 pages = {340--345},
 address = {Copenhagen, Denmark},
 doi = {http://dx.doi.org/10.3115/992628.992688},
 //commentpublisher = {Association for Computational Linguistics},
 //address = {Morristown, NJ, USA},
 }

@article{Eryigit:08,
 author = {Eryi\u{g}it, G\"{u}l\c{s}en and Nivre, Joakim and Oflazer, Kemal},
 title = {Dependency parsing of turkish},
 journal = {Computational Linguistics},
 volume = {34},
 number = {3},
 year = {2008},
 issn = {0891-2017},
 pages = {357--389},
 doi = {http://dx.doi.org/10.1162/coli.2008.07-017-R1-06-83},
 //commentpublisher = {MIT Press},
 //address = {Cambridge, MA, USA},
 }

@inproceedings{hajicova:98,
   author = {Eva Haji\v{c}ov\'{a}},
   title = {Prague Dependency Treebank: From Analytic to Tectogrammatical Annotation},
   pages = {45--50},
   booktitle = {Proceedings of the First Workshop on Text, Speech, Dialogue},
   address = {Brno, Czech Republic},
   year = 1998
} 

@InProceedings{hall-et-al:07,
  author    = {Hall, Johan  and  Nilsson, Jens  and  Nivre, Joakim  and  Eryigit, G\"ulsen  and  Megyesi, Be\'ata  and  Nilsson, Mattias  and  Saers, Markus},
  title     = {Single Malt or Blended? A Study in Multilingual Parser Optimization},
  booktitle = {Proceedings of the CoNLL Shared Task Session of EMNLP-CoNLL 2007},
  month     = {June},
  year      = {2007},
  address   = {Prague, Czech Republic},
  //commentpublisher = {Association for Computational Linguistics},
  pages     = {933--939},
  url       = {http://www.aclweb.org/anthology/D/D07/D07-1097}
}

@InProceedings{seddah-candito-crabbe:09,
  author    = {Seddah, Djam\'e  and  Candito, Marie  and  Crabb\'e, Beno\^it},
  title     = {Cross parser evaluation : a French Treebanks study},
  booktitle = {Proceedings of the 11th International Conference on Parsing Technologies (IWPT'09)},
  month     = {October},
  year      = {2009},
  address   = {Paris, France},
  //commentpublisher = {Association for Computational Linguistics},
  pages     = {150--161},
  url       = {http://www.aclweb.org/anthology/W09-3824}
}

@inproceedings{Tsarfaty-sima'an:08,
 author = {Tsarfaty, Reut and Sima'an, Khalil},
 title = {Relational-realizational parsing},
 booktitle = {Proceedings of the 22nd International Conference on Computational Linguistics},
 year = {2008},
 isbn = {978-1-905593-44-6},
 pages = {889--896},
 location = {Manchester, United Kingdom},
 //commentpublisher = {Association for Computational Linguistics},
 //address = {Morristown, NJ, USA},
 }

@inproceedings{vaidya-et-al:09,
 author = {Ashwini Vaidya and Samar Husain and Prashanth Mannem and Dipti Misra Sharma},
 title = {A karaka-based dependency annotation scheme for English},
 booktitle = {proceedings of CICLing},
 year = {2009},
 pages = {41-52},
 address = {},
 }

@inproceedings{kudo;02,
 author = {Kudo, Taku and Matsumoto, Yuji},
 title = {Japanese dependency analysis using cascaded chunking},
 booktitle = {proceedings of the 6th conference on Natural language learning},
 year = {2002},
 pages = {1--7},
 doi = {http://dx.doi.org/10.3115/1118853.1118869},
 //commentpublisher = {Association for Computational Linguistics},
 address = {Morristown, NJ, USA},
 }

@ARTICLE{hudson:84,
    author = {Richard Hudson},
    title = {Word Grammar},
    journal = {Basil Blackwell, 108 Cowley Rd, Oxford, OX4 1JF, England},
    year = {1984},
    volume = {},
    pages = {}
}

@ARTICLE{Ã˜vrelid,
    author = {L. Ã˜vrelid},
    title = {Argument Differentiation: Soft constraints and data-driven models},
    journal = {PhD Thesis, University of Gothenburg},
    year = {2008},
    volume = {},
    pages = {}
}

@InProceedings{goldberg-elhadad:09,
  author    = {Goldberg, Yoav  and  Elhadad, Michael},
  title     = {Hebrew Dependency Parsing: Initial Results},
  booktitle = {Proceedings of the 11th International Conference on Parsing Technologies (IWPT'09)},
  month     = {October},
  year      = {2009},
  address   = {Paris, France},
  //commentpublisher = {Association for Computational Linguistics},
  pages     = {129--133},
  url       = {http://www.aclweb.org/anthology/W09-3819}
}

@inproceedings{butt:95,
 author = {M. Butt},
 title = {The Structure of Complex Predicates in Urdu},
 booktitle = {CSLI Publications},
 year = {1995},
 pages = {},
 address = {},
 }

@inproceedings{mannem:09a,
 author = {Mannem, Prashanth and Chaudhry, Himani and Bharati, Akshar},
 title = {Insights into non-projectivity in Hindi},
 booktitle = {Proceedings of the ACL-IJCNLP 2009 Student Research Workshop},
 year = {2009},
 pages = {10--17},
 address = {Suntec, Singapore},
 //commentpublisher = {Association for Computational Linguistics},
 //address = {Morristown, NJ, USA},
 }

@inproceedings{mannem:09b,
 author = {Prashanth Mannem and Aswarth Abhilash and Akshar Bharati},
 title = {LTAG-spinal Treebank and Parser for Hindi},
 booktitle = {Proceedings of International Conference on NLP},
 year = {2009},
 pages = {},
 address = {Hyderabad},
 }

@InProceedings{nilsson-et-al:07,
  author    = {Nilsson, Jens  and  Nivre, Joakim  and  Hall, Johan},
  title     = {Generalizing Tree Transformations for Inductive Dependency Parsing},
  booktitle = {Proceedings of the 45th Annual Meeting of the Association of Computational Linguistics},
  month     = {June},
  year      = {2007},
  address   = {Prague, Czech Republic},
  //commentpublisher = {Association for Computational Linguistics},
  pages     = {968--975},
  url       = {http://www.aclweb.org/anthology/P07-1122}
}

@ARTICLE{Shieber:85,
    author = {Stuart M. Shieber},
    title = {Evidence against the context-freeness of natural language},
    journal = {Linguistics and Philosophy},
    year = {1985},
    volume = {8},
    pages = {334--343}
}

@ARTICLE{melcuk:88,
    author = {Igor A. Mel'{\v{c}}uk},
    title = {Dependency Syntax: Theory and Practice},
    journal = {State University, Press of New York},
    year = {1988},
    volume = {},
    pages = {}
}

@inproceedings{bharati-et-al:02,
 author = {Akshar Bharati and Rajeev Sangal and T. Papi Reddy},
 title = {A Constraint Based Parser Using Integer Programming},
 booktitle = {Proceedings of ICON},
 year = {2002},
 pages = {},
 url = {www.iiit.net/techreports/2002_3.pdf},
 }

@inproceedings{bharati-sanal:93,
 author = {Akshar Bharati and Rajeev Sangal},
 title = {Parsing Free Word Order Languages in the Paninian Framework},
 booktitle = {Proceedings of ACL},
 year = {1993},
 pages = {},
 address = {},
 }

@ARTICLE{mohanan:94,
    author = {Tara Mohanan},
    title = {Arguments in Hindi},
    journal = {},
    year = {1994},
    //commentpublisher = {CSLI Publications},
    volume = {},
    pages = {}
}

@ARTICLE{mohanan:82,
    author = {K. P. Mohanan},
    title = {Grammatical relations in Malayalam},
    journal = {In Joan Bresnan (ed.), The Mental Representation of Grammatical Relations},
    year = {1982},
    //commentpublisher = {MIT Press, Cambridge},
    volume = {},
    pages = {}
}

@ARTICLE{kiparsky-staal:69,
    author = {P. Kiparsky and J. F. Staal},
    title = {`Syntactic and Relations in Panini'},
    journal = {Foundations of Language},
    year = {1969},
    volume = {5},
    pages = {84-117}
}

@ARTICLE{Shastri:73,
    author = {Charudev Shastri},
    title = {Vyakarana Chandrodya (Vol. 1 to 5)},
    journal = {Delhi: Motilal Banarsidass. (In Hindi)},
    year = {1973},
    volume = {},
    pages = {}
}

@article{nivre:08,
 author = {Nivre, Joakim},
 title = {Algorithms for deterministic incremental dependency parsing},
 journal = {Computational Linguistics},
 volume = {34},
 number = {4},
 year = {2008},
 issn = {0891-2017},
 pages = {513--553},
 doi = {http://dx.doi.org/10.1162/coli.07-056-R1-07-027},
 //commentpublisher = {MIT Press},
 //address = {Cambridge, MA, USA},
 }

@INPROCEEDINGS{nivre:03,
    author = {Joakim Nivre},
    title = {An Efficient Algorithm for Projective Dependency Parsing},
    booktitle = {Proceedings of the 8th International Workshop on Parsing Technologies (IWPT},
    year = {2003},
    pages = {149--160}
}

@INPROCEEDINGS{Covington01,
    author = {Michael A. Covington},
    title = {A fundamental algorithm for dependency parsing},
    booktitle = {In Proceedings of the 39th Annual ACM Southeast Conference},
    year = {2001},
    pages = {95--102}
}

@ARTICLE{chang-lin:01,
    author = {Chih-Chung Chang and Chih-Jen Lin},
    title = {LIBSVM: A Library for Support Vector Machines},
    journal = {Software available at http://www.csie.ntu.edu.tw/âˆ¼cjlin/libsvm},
    year = {2001},
    volume = {},
    pages = {}
}

@inproceedings{gorla-et-al:08,
  author    = {Jagadeesh Gorla and Anil Kumar Singh and Rajeev Sangal and Karthik Gali and Samar Husain and Sriram Venkatapathy},
  title     = {A Graph Based Method for Building Multilingual Weakly Supervised Dependency Parsers},
  booktitle = {GoTAL},
  year      = {2008},
  pages     = {148-159},
  //ee        = {http://dx.doi.org/10.1007/978-3-540-85287-2_15},
  //crossref  = {DBLP:conf/tal/2008},
  //bibsource = {DBLP, http://dblp.uni-trier.de}
}

@PhdThesis{Magerman:94,
  author={Magerman, David M.},
  title={Natural Language Parsing as Statistical Pattern Recognition},
  year={1994},
  school = {Stanford University},
}

@PhdThesis{Collins:99,
  author={Collins, Michael},
  title={Head-driven Statistical Models for Natural Language Parsing},
  year={1999},
  school = {University of Pennsylvania},
}

@inproceedings{Nivre-et-al:2010,
 author = {Nivre, Joakim and Rimell, Laura and McDonald, Ryan and G\'{o}mez-Rodr\'{\i}guez, Carlos},
 title = {Evaluation of dependency parsers on unbounded dependencies},
 booktitle = {Proceedings of the 23rd International Conference on Computational Linguistics},
 series = {COLING '10},
 year = {2010},
 location = {Beijing, China},
 pages = {833--841},
 numpages = {9},
 //url = {http://dl.acm.org/citation.cfm?id=1873781.1873875},
 //acmid = {1873875},
 //publisher = {Association for Computational Linguistics},
 //address = {Stroudsburg, PA, USA},
} 

@inproceedings{deMarneffe:2008,
 author = {de Marneffe, Marie-Catherine and Manning, Christopher D.},
 title = {The Stanford typed dependencies representation},
 booktitle = {Coling 2008: Proceedings of the workshop on Cross-Framework and Cross-Domain Parser Evaluation},
 series = {CrossParser '08},
 year = {2008},
 isbn = {978-1-905593-50-7},
 location = {Manchester, United Kingdom},
 pages = {1--8},
 numpages = {8},
 url = {http://dl.acm.org/citation.cfm?id=1608858.1608859},
 acmid = {1608859},
 publisher = {Association for Computational Linguistics},
 address = {Stroudsburg, PA, USA},
} 

@INPROCEEDINGS{deMarneffe:2006,
    author = {De Marneffe, Marie catherine and Bill Maccartney and Christopher D. Manning},
    title = {Generating typed dependency parses from phrase structure parses},
    booktitle = {In LREC 2006},
    year = {2006}
}


//@inproceedings{,
// author = {},
// title = {},
// booktitle = {},
// year = {},
// pages = {},
// address = {},
// }

//@ARTICLE{,
//    author = {},
//    title = {},
//    journal = {},
//    year = {},
//    volume = {},
//   pages = {}
//}



\bibitem[\protect\citename{Aho and Ullman}1972]{Aho:72}
Alfred~V. Aho and Jeffrey~D. Ullman.
\newblock 1972.
\newblock {\em The Theory of Parsing, Translation and Compiling}, volume~1.
\newblock Prentice-{Hall}, Englewood Cliffs, NJ.

\bibitem[\protect\citename{{American Psychological Association}}1983]{APA:83}
{American Psychological Association}.
\newblock 1983.
\newblock {\em Publications Manual}.
\newblock American Psychological Association, Washington, DC.

\bibitem[\protect\citename{{Association for Computing Machinery}}1983]{ACM:83}
{Association for Computing Machinery}.
\newblock 1983.
\newblock {\em Computing Reviews}, 24(11):503--512.

\bibitem[\protect\citename{Chandra \bgroup et al.\egroup }1981]{Chandra:81}
Ashok~K. Chandra, Dexter~C. Kozen, and Larry~J. Stockmeyer.
\newblock 1981.
\newblock Alternation.
\newblock {\em Journal of the Association for Computing Machinery},
  28(1):114--133.

\bibitem[\protect\citename{Gusfield}1997]{Gusfield:97}
Dan Gusfield.
\newblock 1997.
\newblock {\em Algorithms on Strings, Trees and Sequences}.
\newblock Cambridge University Press, Cambridge, UK.

